2711 3352
1101 225 1451 285 ...13-

290 380 407 411 sacra
432 367 552 408 facile
579 373 774 423 apparet.
812 368 873 408 Et
897 364 1122 405 Pausanias
1148 363 1204 404 11.
1233 362 1370 405 XXX.
1400 369 1436 407 1.
1462 367 1565 407 θεῶν
1606 366 1649 407 δὲ
1686 361 1887 419 Αἰγινῆται
1922 368 2076 418 τιμῶσιν
2104 364 2279 421 ‘Excitat

289 442 456 495 μάλιστα
481 441 549 482 καὶ
573 436 723 492 τελετὴν
751 435 912 487 ἄγουσιν
941 433 1016 477 ἀνὰ
1043 439 1119 476 πᾶν
1143 433 1234 483 ’ἕως
1273 433 1460 489 εΕκιιὶτης·
1481 436 1636 489 Ὀρφέα
1673 454 1785 488 σφισι
1818 436 1887 480 cdv
1916 440 2058 492 Θρᾷκα
2090 441 2277 494 καταστῄ-

289 521 435 558 σασθαι
460 510 528 568 τὴν
555 508 708 564 τελετὴν
736 511 919 562 λέγοντες.
972 511 1041 553 De
1069 510 1215 566 quibus
1241 511 1444 566 mysteriis
1479 511 1642 552 disserit
1667 513 1851 555 Lobeck.
1879 513 2080 568 Aglaoph.
2113 528 2153 567 p.
2184 519 2272 559 342.

292 588 516 631 Pausanias
543 590 681 626 autem
708 582 837 634 addit,
863 584 1048 625 Hecates
1074 588 1237 639 signum
1263 597 1288 624 a
1314 583 1486 640 Myrone
1512 584 1677 634 sactum,
1705 586 1818 642 cujus
1845 586 2009 628 unicum
2037 599 2083 627 os
2115 592 2160 627 ut
2186 600 2275 627 cor-

291 664 402 718 poris
430 667 601 702 truncus
633 657 798 709 unicus,
838 671 960 712 quum
988 657 1140 711 primus
1167 656 1406 700 Alcamenes
1433 657 1751 700 Atheniensibus
1778 660 1923 715 triplex
1951 659 2099 701 fecerit
2124 660 2276 715 junctis

288 734 530 789 corporibus
563 733 750 773 Hecates
787 731 950 785 signum
978 745 1097 784 quam
1121 731 1437 785 Epipyrgidiam
1455 732 1726 773 Athenienses
1744 733 1961 786 appellent,
1987 734 2103 787 juxta
2119 733 2275 773 involu-

286 809 365 850 cris
393 805 605 848 Victoriae
634 803 779 846 aedem
806 803 993 859 positam.
1046 802 1289 846 Herodotus
1321 810 1457 846 autem
1488 803 1542 846 de
1574 804 1789 859 Aeginetis
1826 806 1875 849 V.
1907 810 1983 850 83·
2023 802 2094 846 εἶσὶ
2129 807 2172 847 δέ.
2207 803 2273 852 σφι

283 881 353 922 καὶ
380 876 551 934 αῤῥητοι
578 878 758 931 ἱροργίαι.

473 952 523 993 Ιιι
550 951 795 992 continentis
826 951 1029 993 Graeciae
1055 951 1435 1006 septentrionalibus
1452 952 1656 1006 Asiaeque
1684 950 1966 1006 adjacentibus
1983 953 2166 1009 partibus
2183 966 2268 993 ma-

282 1028 391 1067 xime
416 1026 611 1066 Hecaten
640 1024 736 1064 olim
765 1025 914 1065 cultam
941 1038 1031 1065 esse
1060 1030 1102 1064 et
1127 1025 1255 1065 multa
1280 1024 1430 1065 docent
1455 1030 1718 1064 monumenta
1752 1030 1795 1066 et
1829 1026 1978 1066 evincit
2009 1026 2127 1066 ratio.
2187 1026 2267 1066 Or-

281 1100 427 1150 thosia‚
454 1097 612 1139 Bendis
649 1105 692 1139 et
718 1097 848 1138 Daira
876 1103 918 1138 et
943 1097 1101 1148 Brimo,
1130 1096 1183 1138 ad
1210 1111 1329 1152 quam
1357 1097 1499 1138 Musae
1524 1097 1785 1150 pertinebant
1827 1099 1995 1152 (Welclc.
2034 1099 2152 1139 Kret.
2180 1099 2267 1139 Ko-

208 1185 212 1188 ·
279 1174 363 1214 lon.
390 1173 434 1214 S.
450 1175 552 1221 35.),
581 1170 702 1211 etiam
718 1170 898 1223 Empusa
914 1169 972 1209 ibi
989 1168 1125 1209 multis
1150 1169 1249 1209 locis
1276 1169 1478 1209 nominata
1504 1174 1546 1208 et
1575 1168 1690 1210 valde
1708 1169 2013 1211 reformidanda
2039 1184 2265 1223 summope-

279 1259 410 1299 reque
435 1243 634 1297 placanda
662 1243 746 1282 visa
773 1248 836 1281 est
853 1241 1074 1281 secundum
1093 1242 1274 1281 locorum
1291 1241 1453 1281 illorum
1470 1242 1693 1295 ingenium.
1740 1244 1880 1283 Taceo
1906 1243 1960 1283 de
1986 1244 2149 1283 numine
2176 1244 2264 1297 ejus

278 1317 457 1360 Taurico
487 1314 684 1368 sangvine
709 1312 882 1354 humano
909 1312 1087 1369 placato:
1116 1312 1179 1353 Cf.
1207 1313 1365 1366 Meyen,
1395 1312 1450 1353 de
1472 1313 1607 1354 Diana
1633 1316 1800 1356 Tauric.
1829 1316 1987 1358 dissert.
2042 1316 2263 1356 Thraciam

278 1389 456 1443 appellat
481 1386 654 1427 eandem
680 1385 801 1425 deam
826 1384 1082 1438 Hesychius:
1112 1383 1267 1432 Θρακὶα
1292 1380 1365 1434 γὰρ
1401 1383 1426 1435 ἡ
1457 1383 1566 1430 θεός.
1628 1387 1687 1426 Et
1720 1388 1969 1428 Mercurium
2012 1400 2159 1440 regum
2191 1401 2264 1426 nu-

276 1474 372 1501 men
399 1457 651 1514 gentilicium
679 1456 804 1496 fuisse
830 1468 880 1494 ex
905 1452 1124 1494 Herodoto
1152 1454 1448 1505 cognoscimus.
1502 1454 1572 1493 De
1589 1455 1753 1495 Hecate
1781 1471 1918 1496 earum
1946 1459 2162 1511 regionum
2191 1472 2262 1499 au-

276 1540 360 1574 tem
386 1530 566 1584 loquitur
592 1527 777 1580 Apollon.
804 1525 887 1565 Rh.
914 1524 994 1564 111.
1014 1527 1212 1565 847—65.
1239 1537 1331 1563 cnm
1358 1510 1446 1563 aliis
1473 1524 1531 1563 ita
1554 1530 1601 1563 ut
1628 1526 1909 1577 foeminarum,
1937 1529 1989 1568 ad
2017 1544 2116 1582 quas
2140 1534 2261 1570 Ama-

277 1618 398 1647 zones
427 1608 470 1643 et
494 1599 702 1655 Ephesiae
727 1596 935 1638 ministrae
960 1594 1170 1649 pertinent
1187 1594 1244 1645 *),
1270 1594 1525 1649 potissimum
1552 1609 1701 1638 numen
1729 1612 1817 1640 eam
1846 1599 1971 1640 fuisse
1994 1600 2260 1655 intelligatur.

275 1680 338 1720 Ab
364 1678 445 1718 imo
472 1671 777 1730 septentrionali
803 1668 1129 1711 terriculamenta
1157 1668 1287 1707 cultus
1316 1668 1404 1721 ejus
1437 1668 1480 1707 in
1506 1669 1597 1708 loca
1624 1670 1807 1720 melioris,
1830 1671 1936 1711 coeli
1963 1673 2155 1714 translata
2182 1674 2260 1713 ibi-

276 1767 358 1807 que
384 1751 580 1803 mitigata.
636 1747 743 1787 Sunt
768 1743 911 1784 eadem
936 1742 1027 1782 loca
1053 1740 1260 1795 orphicae
1287 1740 1522 1793 disciplinae
1557 1743 1698 1795 plena,
1736 1757 1857 1797 quam
1895 1746 2014 1786 facile
2048 1747 2256 1801 intelliges

275 1824 446 1866 maxime
473 1835 522 1862 ex
548 1819 730 1860 Hecates
758 1822 800 1857 et
817 1814 1009 1856 Mercurii
1045 1816 1201 1855 ratione
1226 1813 1379 1854 rectius
1406 1813 1904 1858 celebranda‘ffnnstitisse
1930 1832 2134 1872 paresque
2163 1834 2254 1860 cum

275 1898 362 1953 ipsa
388 1894 466 1936 dea
492 1888 787 1932 vicissitudines
813 1892 1027 1951 sortesque
1053 1885 1096 1927 in
1123 1885 1301 1927 Graecia
1326 1885 1492 1940 propria
1517 1899 1674 1940 passam
1702 1901 1804 1929 esse.

459 1965 620 2007 Omissa
645 1962 787 2014 Epiro,
813 1961 884 2000 ubi
911 1960 1021 2002 Zeus
1049 1964 1091 1999 et
1116 1960 1255 1999 Dione
1282 1972 1373 1998 cum
1400 1959 1635 1999 mulieribus
1662 1960 1838 2000 fatidicis
1866 1962 1961 2001 nibil
1989 1962 2099 2003 aliud
2134 1977 2253 2017 quain

272 2039 498 2082 Mercurius
530 2042 573 2077 et
597 2036 763 2077 Hecate
789 2033 859 2086 **)
888 2032 940 2073 ad
966 2032 1160 2074 inferiora
1185 2032 1278 2072 loca
1304 2029 1646 2072 descendentibus
1673 2032 1887 2074 Thessalia
1915 2035 2030 2074 nobis
2057 2038 2251 2085 occurrit,

271 2114 455 2157 Hecates
492 2108 605 2150 cultu
634 2105 888 2159 magicIsque
924 2104 1077 2145 artibus
1105 2104 1275 2158 inclyta,
1313 2109 1357 2143 et
1381 2102 1541 2143 Jasonis
1569 2109 1611 2144 et
1636 2104 1808 2145 Medeae
1835 2120 1940 2159 quae
1965 2106 2051 2159 ipsa
2078 2112 2142 2146 est
2160 2108 2251 2148 He-

273 2192 364 2230 cate
389 2189 436 2226 ut
460 2182 587 2224 Jason
610 2178 859 2228 Mercurius,
896 2182 940 2218 et
972 2176 1198 2231 Minyarum
1230 2174 1524 2229 calamitatibus
1558 2175 1610 2215 ad
1645 2190 1694 2216 ea
1727 2189 1841 2217 sacra
1873 2178 2171 2232 pertinentibus
2206 2187 2249 2219 et

273 2275 364 2303 cum
383 2255 647 2299 Lemniorum
664 2251 837 2293 maxime
855 2249 1037 2291 civilibus
1056 2248 1179 2290 rebus
1199 2248 1421 2304 conjunctis
1439 2247 1769 2290 celebratissima.
1807 2250 1876 2290 De
1894 2252 2092 2304 mysteriis
2110 2260 2246 2292 autem

269 2335 453 2378 Hecates
481 2333 524 2370 et
548 2324 742 2369 Mercurii
768 2323 943 2366 Phereis
969 2322 1148 2378 loquitur
1175 2322 1340 2364 Prelle
1349 2335 1392 2372 r,
1419 2320 1576 2362 Demet.
1604 2335 1643 2361 u.
1668 2321 1867 2376 Per-seph.
1889 2337 1934 2376 p.
1961 2324 2025 2364 54.
2080 2324 2245 2365 Deinde

271 2405 443 2449 Medeae
468 2399 588 2442 sedes
614 2396 839 2440 secundum
866 2396 1022 2437 fabulas
1057 2395 1184 2436 altera
1217 2394 1325 2449 apud
1353 2396 1538 2435 Graecos
1573 2391 1728 2445 priscos
1756 2394 1975 2436 Corinthus
2009 2410 2039 2435 s,
2073 2395 2244 2450 Ephyra

271 2485 373 2530 erat,
400 2475 471 2517 ubi
497 2486 594 2514 sane
620 2472 745 2512 multa
769 2469 989 2512 Hecatica=
1018 2468 1199 2509 Lobeck.
1218 2467 1416 2524 Aglaoph.
1442 2484 1482 2525 p.
1510 2474 1626 2515 1213.
1682 2468 1848 2523 Minyae
1874 2474 2008 2509 autem
2036 2468 2087 2509 ad
2107 2469 2244 2509 Boeo-

269 2554 368 2595 tiam
393 2563 467 2590 nos
493 2546 659 2587 ducunt.
711 2543 775 2584 Ibi
802 2543 975 2583 maxime
1000 2541 1151 2583 cabiria
1177 2555 1294 2581 sacra
1319 2542 1554 2583 Thebarum
1592 2548 1635 2581 et
1670 2540 1920 2582 Anthedonis
1955 2554 2029 2580 nos
2056 2542 2243 2582 Hecates

272 2626 292 2680 (
297 2618 586 2672 -Harmoniae)
614 2615 831 2659 admonent
857 2620 903 2657 ut
929 2614 1110 2657 Cadmus
1134 2614 1337 2657 Mercurii.
1395 2614 1460 2666 Ibi
1485 2613 1695 2656 Hesiodus
1721 2614 1908 2656 Hecatae
1940 2612 2102 2665 laudes,
2141 2630 2241 2669 quas

269 2698 372 2739 infra
389 2693 656 2742 laudabimus,
684 2689 826 2733 didicit
844 2703 892 2733 ac
917 2688 1123 2745 cognovit.
1149 2712 1201 2721 —
1227 2686 1400 2731 Arcadia
1425 2688 1593 2744 antiqua
1620 2693 1661 2730 et
1687 2675 1960 2743 Pelasgorum
1988 2695 2029 2729 et
2049 2688 2237 2731 Mercurii

597 2802 697 2812 -ο

450 2871 482 2912 ·)
503 2870 593 2902 Hinc
615 2872 730 2903 fabula
750 2870 811 2903 illu
832 2871 873 2902 de
893 2868 1028 2912 Myrina
1048 2867 1356 2901 Samothraciomm
1377 2867 1613 2909 mysteriorum
1635 2872 1784 2908 parente.

433 2922 496 2965 ι··)
520 2920 627 2955 Stuhr
648 2922 669 2955 Ι.
693 2922 717 2956 Ι.
738 2922 782 2958 11.
804 2922 845 2957 31
869 2931 939 2964 sqq.
985 2921 1188 2956 Buttmann.-
1215 2920 1287 2954 Von
1308 2920 1368 2956 der
1386 2920 1504 2961 Dione,
1526 2920 1747 2963 Mytholngus
1768 2919 1795 2953 1.
1818 2918 1854 2953 S.
1876 2919 1918 2953 ⁴22
1939 2930 2009 2961 sqq.
