2711 3352
1351 227 1698 277 —13-

536 370 777 414 quamquam
802 358 955 412 passim
981 357 1143 410 Jupiter
1170 355 1401 408 principalis
1428 360 1598 396 naturae
1624 370 1760 397 rerum
1788 356 1941 410 fatique
1968 357 2075 397 vices
2109 360 2229 400 subit,
2292 361 2420 400 Ortae
2446 360 2518 402 tali

533 430 654 472 modo
684 430 811 474 videri
836 436 1004 486 possunt
1030 441 1082 471 ex
1109 429 1294 471 Hecates
1321 434 1464 471 natura
1492 428 1700 483 formaque
1728 430 1881 471 formae
1908 445 1957 471 ac
1983 436 2152 470 naturae
2175 431 2334 473 divinae
2353 433 2518 473 distinc-

530 505 658 544 tiores
677 504 864 553 Artemis,
894 502 1156 556 Proserpina,
1183 501 1397 552 Demeter,
1426 523 1472 532 -
1502 500 1625 553 Juno,
1652 500 1827 554 Ilithvia,
1853 528 1908 536 —
1923 490 2072 546 'Venus
2090 501 2159 556 *);
2185 527 2240 534 -
2265 510 2310 545 et
2335 520 2386 547 ex
2409 507 2517 546 Mer-

532 578 633 617 curii
661 578 837 629 primum
864 576 1022 627 Apollo,
1051 575 1149 614 dein
1175 575 1383 630 Dionysus
1401 575 1481 623 **)‚
1522 575 1671 625 Pluto,
1699 574 1918 627 Vulcanus,
1949 598 2004 607 —
2031 574 2262 623 Πος-εἱδων.
2286 599 2341 608 —
2366 577 2429 618 Ab
2455 575 2516 620 his

531 649 645 703 quasi
674 648 866 689 absorbta·
889 654 1104 699 parentum
1134 649 1189 686 vis
1219 656 1261 686 et
1289 649 1505 686 exstincta:
1553 647 1720 685 umbrae
1754 648 1795 685 in
1831 654 2051 687 nocturnos
2078 647 2301 688 inferorum
2328 660 2514 689 recessus

529 719 687 769 abiere;
715 725 839 775 atque
867 718 1208 775 quemadmodum
1234 717 1303 759 hic
1329 718 1522 760 minantia
1549 734 1597 759 ea
1623 718 1787 759 numina
1813 720 1996 759 manibus
2023 720 2325 773 imperitabant,
2356 722 2413 762 ita
2439 722 2513 761 sub

528 793 614 834 sole
642 792 756 847 quasi
782 807 957 846 poeseos
986 792 1214 846 artiumque
1241 791 1469 834 liberalium
1498 792 1776 834 distinctiores
1804 807 1943 834 earum
1969 806 2044 833 seu
2078 794 2326 835 recentiores
2360 794 2513 834 formae

528 867 634 906 vitae
661 866 874 920 imperium
901 865 942 905 in
970 865 1239 906 animantibus
1266 865 1611 920 terrestribusque
1638 865 1853 906 habebant.
1907 865 2023 907 Inter
2059 880 2160 920 quos
2186 865 2287 907 deos
2314 866 2513 916 humanae

525 940 686 991 figurae
718 945 857 978 mente
888 939 1130 992 perlucente
1157 939 1334 980 sancitae
1363 939 1591 993 exemplum
1615 938 1956 993 perfectissimum
1982 937 2091 979 idem
2119 938 2248 980 factus
2276 944 2339 980 est
2363 939 2511 992 Apollo

526 1011 773 1063 (Hecatos).

709 1084 893 1128 Quorum
923 1083 1094 1123 deorum
1123 1085 1291 1137 imperio
1319 1085 1487 1137 longum
1516 1090 1579 1125 est
1606 1097 1795 1125 enarrare
1824 1083 1953 1138 qualis
1980 1083 2210 1125 necessario
2244 1082 2323 1124 vita
2358 1082 2509 1124 cultus·

521 1168 601 1207 que
627 1155 834 1194 hominum
863 1156 985 1195 suerit
1013 1156 1309 1195 venerantium:
1342 1169 1432 1195 nam
1461 1158 1606 1208 exponi
1634 1157 1759 1196 debet
1786 1163 1828 1196 et
1853 1156 2040 1196 universa
2064 1158 2332 1205 Graecorum,
2359 1170 2409 1196 ex
2428 1170 2509 1208 quo

520 1227 720 1266 Hellenes
748 1227 843 1266 facti
872 1233 980 1275 sunt,
1018 1228 1176 1267 cultura
1203 1234 1246 1266 et
1273 1227 1495 1267 hnmanitas
1525 1241 1630 1280 quae
1658 1228 1763 1266 sicut
1791 1228 1921 1267 cultus
1949 1227 2118 1268 deorum
2154 1227 2403 1285 aestheticae
2438 1240 2510 1267 no·-

517 1297 627 1338 mine
652 1304 767 1339 recte
796 1302 934 1353 potest
961 1297 1170 1353 distingvi‚
1202 1304 1243 1338 et
1270 1298 1522 1351 singulorum
1549 1297 1790 1351 populorum
1820 1299 1889 1352 qui
1906 1298 2011 1339 hanc
2028 1298 2093 1338 vel
2120 1298 2229 1338 illam
2248 1298 2408 1338 illarum
2426 1298 2507 1338 sor-

517 1384 689 1420 marum,
705 1367 799 1411 θεὸν
820 1373 999 1422 πατρῶον
1019 1372 1319 1423 tutelaremque
1337 1365 1421 1410 rati>
1431 1384 1525 1409 eum
1545 1383 1636 1409 esse
1650 1383 1783 1420 suum,
1802 1370 1881 1410 sibi
1900 1371 2168 1421 vindicarunt,
2187 1371 2434 1423 peculiarem
2451 1371 2508 1409 vi-

517 1450 586 1482 tae
602 1443 770 1482 sormam
786 1449 828 1482 et
842 1443 1129 1491 conditionem,
1150 1441 1299 1480 deinde
1314 1441 1563 1492 singularum
1580 1441 1785 1481 civitatum
1804 1442 2085 1495 gentiumque,
2106 1456 2210 1495 quae
2227 1446 2370 1494 postea
2383 1441 2506 1482 incla-

515 1515 750 1562 rescebant,
791 1512 1012 1565 peculiaria
1038 1516 1133 1566 jura
1161 1519 1204 1551 et
1237 1512 1364 1553 bonat
1407 1510 1633 1569 peculiares
1669 1510 1776 1549 enim
1814 1510 1959 1563 suique
1988 1510 2092 1566 juris
2127 1512 2282 1565 pariter
2307 1525 2400 1552 cum
2428 1513 2505 1553 diis

514 1592 602 1626 tum
631 1586 728 1626 sacti
755 1584 954 1633 homines,
984 1590 1254 1635 accurateque
1284 1596 1375 1621 cum
1403 1582 1469 1621 illa
1496 1595 1632 1621 rerum
1662 1581 1885 1620 divinarum
1906 1581 2178 1623 vicissitudIne
2203 1584 2313 1624 idem
2338 1584 2503 1625 distinc-

514 1657 634 1696 tionis
662 1655 1047 1711 segregationisque
1074 1654 1319 1707 principium
1346 1666 1412 1693 res
1439 1651 1638 1693 humanae
1664 1657 1829 1695 secutae
1856 1661 1961 1694 sunt.
2014 1654 2082 1695 De
2100 1656 2246 1697 litteris
2265 1659 2503 1711 artibusque

511 1730 757 1768 liberialibus
784 1728 956 1767 maxime
985 1732 1076 1780 post
1102 1726 1346 1780 religionem
1375 1724 1504 1779 ipsam
1531 1723 1781 1766 aestheticae
1813 1724 1959 1767 indolis
1994 1741 2044 1769 ac
2075 1733 2246 1770 naturae
2272 1729 2410 1779 sactis,
2451 1732 2501 1770 ab

510 1802 827 1853 harmoniaeque
860 1801 1060 1852 principio
1089 1799 1284 1851 profectis
1327 1812 1408 1837 non
1445 1799 1609 1851 loquar;
1654 1798 1838 1838 civitates
1881 1804 2017 1839 autem
2052 1799 2199 1842 eadem
2235 1800 2272 1841 vi
2303 1800 2500 1856 impulsae

511 1873 716 1914 orientalis
746 1871 957 1926 despotiae
986 1872 1157 1912 formam
1185 1876 1385 1912 exuerunt
1412 1871 1454 1910 in
1481 1871 1796 1923 libertatemque
1823 1870 2050 1910 vindicatae
2075 1886 2193 1912 suum
2226 1886 2412 1928 quaeque
2437 1875 2498 1915 in-

509 1946 680 1999 genium
708 1950 878 1985 secutae
904 1948 1011 1984 sunt.

694 2019 748 2058 At
776 2017 860 2056 noli
889 2016 1074 2055 arbitrari
1102 2016 1209 2056 hunc
1236 2029 1372 2056 rerum
1401 2022 1548 2056 statum
1575 2014 1700 2069 priori
1727 2027 1895 2069 prorsus
1925 2028 2015 2056 esse
2041 2016 2287 2058 contrarium
2314 2032 2427 2067 cum,
2462 2021 2496 2060 si

510 2089 758 2130 accurratius
787 2089 1049 2141 quaesiveris,
1079 2091 1194 2127 unius
1222 2088 1368 2127 indolis
1397 2102 1445 2126 ac
1472 2093 1640 2126 naturae
1667 2088 1746 2126 sint
1773 2093 1858 2127 tum
1886 2087 2038 2128 liberae
2056 2088 2311 2144 respublicae
2335 2094 2377 2132 et
2403 2076 2495 2133 des-

507 2160 665 2215 petiae,
706 2170 791 2203 tum
826 2160 975 2214 religio
1013 2161 1237 2215 symbolica
1274 2175 1347 2200 seu
1380 2159 1585 2200 orientalis
1623 2164 1667 2198 et
1693 2160 1871 2212 mythica
1898 2173 1971 2199 seu
1999 2160 2232 2202 aesthetica.
2285 2163 2392 2203 Nam
2419 2162 2493 2204 diis

508 2234 702 2274 materiae
730 2233 897 2274 vinculis
926 2232 1153 2274 constrictis
1188 2231 1395 2274 hominum
1431 2231 1550 2273 animi
1584 2230 1762 2272 nondum
1795 2232 1838 2271 in
1870 2232 2098 2271 libertatem
2130 2234 2406 2285 vindicantur,
2450 2244 2493 2276 et

508 2307 633 2346 civilis
661 2306 861 2346 libertatis
897 2304 1023 2354 ratio,
1067 2310 1111 2345 ut
1145 2302 1317 2346 deorum
1352 2304 1655 2361 Olympicorum
1688 2303 1858 2346 libertas
1885 2303 2077 2346 Mercurii
2115 2312 2157 2346 et
2188 2307 2391 2356 Hecates,
2432 2310 2492 2350 sic

507 2394 716 2420 servorum
744 2381 856 2432 quasi
883 2378 1145 2418 fundamento
1174 2377 1351 2431 quodam
1378 2377 1537 2417 nititur:
1565 2384 1611 2418 ut
1637 2383 1834 2433 appareat
1860 2376 2137 2419 tantummodo
2164 2377 2333 2422 deorum
2363 2387 2404 2423 et
2432 2382 2488 2421 ci-

509 2452 641 2494 vilium
679 2451 934 2493 dominorum
969 2466 1181 2492 numerum
1218 2458 1379 2492 auctum
1415 2464 1504 2490 esse
1530 2451 1572 2490 in
1598 2452 1765 2491 inferius
1783 2452 1937 2504 pariter
1963 2465 2011 2492 ac
2029 2452 2192 2492 Hecate
2219 2460 2261 2494 et
2285 2453 2487 2495 Mercurio

509 2523 701 2578 depressa
728 2523 910 2565 materia.
965 2522 1184 2563 Parimodo
1213 2524 1254 2564 in
1282 2537 1440 2564 morum
1475 2522 1686 2575 disciplina
1724 2523 1890 2564 virtutes
1925 2538 2006 2564 non
2042 2537 2119 2577 per
2154 2538 2199 2565 se
2226 2530 2485 2579 expetuntur,

507 2598 602 2637 vitia
629 2597 857 2651 fugiuntur,
885 2595 959 2636 scd
986 2595 1174 2648 publicae
1202 2596 1340 2637 salutis
1367 2608 1517 2645 causa3
1546 2609 1649 2648 quae
1678 2601 1739 2635 est
1766 2595 1891 2636 virtus
1922 2598 2221 2648 καλοκαγαθῶν.
2277 2598 2370 2644 Quo
2403 2598 2483 2637 sac-
2535 2649 2539 2653 .

690 2743 725 2782 ‘)·
742 2744 830 2774 Juno
851 2746 885 2773 et
906 2742 1013 2773 Dione
1030 2741 1102 2780 jam
1124 2740 1202 2772 aliis
1222 2751 1293 2780 pro}
1303 2741 1351 2772 rie
1371 2741 1459 2773 idem
1481 2750 1601 2772 numen
1624 2740 1733 2777 visae3
1762 2741 1893 2772 Hecate
1915 2744 1951 2773 et
1972 2742 2082 2774 Venus
2102 2742 2136 2775 in
2158 2740 2301 2775 cannito
2322 2741 2480 2786 conjug&

506 2798 576 2828 tae:
599 2793 735 2825 Lobeck
757 2793 923 2834 Aglaoph.
946 2794 989 2824 ll.
1012 2803 1044 2835 p.
1071 2793 1163 2825 12:26.
1185 2793 1216 2825 7.

690 2846 739 2886 ”)
761 2846 832 2878 cic.
855 2844 902 2876 Ν,
922 2845 963 2875 1).
986 2846 1041 2876 111.
1068 2846 1128 2877 232
1152 2845 1337 2884 Diony-um
1358 2845 1500 2883 primum
1522 2846 1607 2875 Jove
1630 2849 1664 2874 et
1686 2845 1884 2883 Proserpina
1906 2849 2036 2885 natum,
2058 2860 2101 2867 ——
2121 2844 2256 2877 tertium
2278 2845 2398 2878 Cabiro
2419 2855 2478 2889 pa·

507 2901 556 2926 tre
577 2905 719 2938 eumque
739 2905 855 2938 regem
876 2894 977 2927 Asiae
997 2894 1161 2937 profuisse
1183 2894 1307 2937 dicunt,
1330 2893 1384 2928 cui
1405 2893 1539 2930 Cabiria
1560 2899 1636 2930 sunt
1657 2895 1820 2931 instituta.
1842 2915 1886 2922 —
