2711 3352
235 372 492 415 suetudinem
518 372 710 426 privatam
747 386 796 414 ac
832 370 1117 422 domesticam,
1163 373 1248 410 tum
1289 369 1481 425 imprimis
1515 371 1757 412 commercia
1790 383 1882 411 cum
1915 374 2129 429 perigrinis
2170 381 2209 416 et

234 451 518 496 mercaturam,
547 448 694 500 quibus
723 452 821 484 tunc
833 444 1011 497 ,publica
1037 444 1116 484 vita
1143 445 1354 484 constabat
1379 445 1465 484 sere
1492 446 1620 484 omnis
1648 446 1781 484 nixam
1809 458 2032 498 eorumque
2065 450 2211 488 sancti-

234 524 322 559 tate
349 519 623 559 confirmatam
650 532 740 557 esse
768 521 945 566 constat,
974 531 1122 571 neque,
1159 517 1253 556 ideo
1280 518 1431 569 templa
1457 524 1672 570 sanctaque
1699 519 1789 557 loca
1816 524 2070 558 mercaturae
2096 522 2212 561 sedes

239 590 378 641 fuisse,
405 590 631 645 ignoratur.
687 588 773 631 Sed
798 595 844 630 ut
871 589 949 630 hoc
976 588 1061 645 jam
1087 589 1270 643 exemplo
1306 588 1582 631 diversitatem
1608 590 1861 631 Christianae
1898 591 2107 632 doctrinae
2142 594 2212 633 de-

232 670 474 713 monstrem,
521 662 707 703 Christus
741 667 987 703 mercatores
1016 676 1039 703 e
1072 661 1224 717 templo
1252 662 1386 718 ejecit.
1444 662 1621 703 Ceterae
1648 668 1781 703 autem
1807 668 1945 718 partes
1973 662 2212 706 christianae

234 736 457 785 doctrinae,
486 748 565 789 qua
593 735 715 776 virtus
734 741 799 775 est
825 735 979 776 liberae
1006 735 1152 776 mentis
1181 734 1288 776 sacta
1312 734 1489 790 ideoque
1517 749 1637 776 verae
1655 735 1850 776 libertatis
1867 737 2090 791 salutisque
2107 738 2210 788 sons,

232 807 434 862 quomodo
462 807 652 849 differant
679 809 729 848 ab
765 808 833 848 illa
864 809 1012 849 virtute
1038 808 1235 857 naturali,
1279 814 1504 862 postquam,
1533 823 1635 863 quos
1670 822 1913 862 progressus
1948 811 1998 849 ab
2026 811 2095 850 illo
2129 813 2213 863 pri-

229 878 386 920 mordio
412 880 521 934 apud
540 882 720 921 Graecos
738 880 896 921 virtutis
923 880 1180 921 ideaefecerit
1197 881 1275 920 vim
1294 895 1343 920 ac
1360 886 1540 921 naturam
1559 896 1671 921 suam
1691 882 1935 931 exserendo,
1964 896 2207 935 exposuero,

231 952 341 992 ultro
365 953 535 1007 patebit,
563 966 699 1008 neque
725 951 1057 1007 philosophorum
1084 953 1250 1007 dogma,
1280 954 1526 1008 antiquitatis
1547 960 1589 993 et
1606 953 1846 1007 populorum
1865 960 1907 993 et
1925 954 2106 996 culturae
2133 971 2207 1011 ge·

231 1038 330 1065 nera
355 1025 508 1080 gradus
534 1040 625 1067 esse
652 1026 782 1067 varios
810 1026 955 1080 quibus
982 1026 1155 1066 maxime
1184 1039 1233 1065 ex
1260 1026 1482 1080 symbolica
1508 1032 1551 1065 et
1576 1025 1756 1079 mythica
1784 1027 1949 1066 exsistat
1977 1041 2070 1067 vera
2089 1035 2207 1069 θεω-

230 1098 408 1149 aponius
433 1098 582 1149 forma,
624 1099 734 1140 etin
761 1098 854 1140 Deo
888 1098 1046 1154 pariter
1079 1104 1200 1154 atque
1234 1104 1348 1141 extra
1373 1098 1510 1140 Deum
1545 1098 1762 1140 constituta
1796 1103 2005 1149 cernatur,
2045 1100 2091 1140 iis
2130 1116 2208 1142 non

231 1171 532 1212 confirmabitur
548 1172 603 1221 *ὶ

416 1244 471 1285 At
496 1249 542 1283 ut
568 1245 730 1297 signum
757 1245 799 1283 in
826 1245 1054 1297 symbolum
1080 1244 1141 1285 sic
1166 1244 1431 1298 symbolum'
1419 1258 1460 1283 ιη
1492 1245 1676 1298 mythum
1709 1257 1781 1283 sua
1815 1244 1939 1296 ipsius
1976 1244 2138 1297 quidem
2172 1248 2207 1285 vi

220 1327 278 1355 'ac
304 1321 447 1355 natura
473 1314 547 1355 sed
574 1315 687 1369 quasi
715 1315 937 1355 artificibus
970 1316 1283 1369 auctoribusque
1312 1315 1596 1366 Telchinibus,
1633 1316 1811 1356 Lemniis
1842 1320 1922 1355 cet.
1949 1317 2127 1367 transiit,
2165 1326 2209 1358 et

231 1399 281 1427 ex
308 1387 498 1439 Pelasgis
525 1387 622 1427 facti
649 1387 859 1427 Hellenes.
913 1387 948 1426 Ii
976 1393 1159 1426 naturam
1193 1387 1434 1426 animantem
1460 1388 1782 1442 sentientemque
1809 1388 2087 1441 intelligentes
2122 1389 2209 1442 ejus

229 1459 438 1510 praesides
465 1463 732 1510 auctoresque
759 1459 868 1510 ipsos
896 1458 1099 1508 sapientes
1125 1472 1238 1504 esse,
1277 1464 1320 1495 et
1347 1458 1500 1496 divinas
1527 1459 1651 1496 animi
1681 1460 1785 1497 vires
1818 1460 1942 1497 solam
1970 1460 2011 1496 in
2038 1460 2211 1499 hominis
2237 1495 2241 1499 Α

229 1530 405 1582 figuram
431 1529 581 1569 cadere
610 1528 816 1569 viderunte
856 1541 946 1567 eam
981 1528 1157 1578 figuram
1188 1527 1356 1566 liberam
1389 1528 1599 1580 liberoque
1632 1534 1745 1567 motu
1778 1530 2003 1580 praeditam
2035 1531 2209 1571 artifices

231 1600 423 1643 exhibere
450 1600 508 1642 ita
534 1599 671 1641 conati
697 1603 804 1648 sunt,
833 1611 974 1639 eorum
1002 1604 1048 1639 ut
1075 1597 1189 1652 quasi
1217 1597 1291 1638 sub
1318 1598 1502 1639 manibus
1529 1604 1686 1640 statuae
1712 1600 1880 1650 moveri,
1906 1607 2111 1646 κινεῖσθαι,
2155 1605 2210 1643 vi-

231 1674 427 1715 derentur
454 1678 498 1714 ut
515 1673 573 1714 ait
590 1672 710 1714 Plato
730 1685 823 1712 cum
841 1671 928 1711 aliis
948 1670 1001 1711 de
1019 1669 1205 1711 Daedalo
1223 1670 1482 1724 loquentibus
1497 1672 1573 1719 **).
1630 1672 1734 1712 Cum
1760 1672 1901 1712 statuis
1929 1672 1985 1713 dii
2013 1675 2089 1728 ipsi
2109 1682 2210 1715 tam-

231 1762 352 1801 quam
378 1747 546 1788 materia
573 1745 809 1787 elementari
836 1744 984 1784 exemti
1010 1743 1154 1797 suique
1176 1742 1280 1798 juris
1306 1743 1403 1782 sacti
1430 1749 1539 1793 sunt,
1570 1744 1777 1798 chaosque
1803 1758 1851 1784 ac
1876 1746 2044 1798 pristina
2080 1762 2210 1788 massa

230 1822 271 1862 in
298 1824 435 1874 partes
461 1819 657 1874 sejuncta,
686 1832 791 1872 quae
818 1818 958 1859 formis
984 1816 1167 1858 humanis
1195 1815 1559 1868 distingvebantur.
1598 1817 1791 1871 Symbola
1817 1817 2024 1870 κινούμενα
2053 1829 2096 1860 et
2113 1819 2210 1871 πρὸς

232 1892 475 1946 ἀνθρωπίνην
488 1890 668 1945 αἴσθησιν
682 1891 791 1932 facta
802 1889 884 1939 *⁸*)
904 1896 947 1931 et
963 1885 1192 1945 mythorum
1213 1894 1254 1929 et
1273 1888 1520 1930 aestheticae
1534 1889 1741 1944 cujusdam
1759 1889 2028 1942 humanitatis,
2048 1893 2206 1935 harmo-

229 1967 336 2007 niam
362 1964 584 2020 sequenfis,
610 1963 806 2019 principia
834 1966 963 2013 erant,
991 1962 1063 2003 ubi
1087 1963 1260 2007 τέκτονες
1286 1956 1415 2013 ὕμνων
1443 1961 1540 2002 facti
1570 1968 1663 2001 sunt
1688 1959 1808 2002 ἕπεωιν
1835 1965 2019 2016 τέκτονες,
2056 1965 2126 2005 ubi
2155 1965 2207 2007 dii

229 2039 398 2079 materia
425 2039 534 2077 exuti
560 2051 642 2077 non
668 2037 799 2077 solum
838 2035 1075 2076 incedentes
1110 2040 1152 2074 et
1185 2035 1555 2087 circumvagantes,
1584 2034 1658 2074 sed
1687 2036 1849 2075 omnino
1876 2037 2006 2076 libere
2032 2038 2210 2078 sentien-

230 2118 292 2151 tes
320 2115 363 2151 οἱ
388 2115 561 2164 agentes
600 2121 717 2165 more
757 2108 984 2157 hominum,
1029 2108 1236 2159 conspecti
1270 2121 1321 2147 eo
1349 2108 1543 2162 majorem
1569 2106 1786 2148 divinitatis
1813 2109 1987 2162 gradum
2015 2113 2210 2164 consequi

230 2182 472 2224 videbantur
499 2194 580 2236 quo
607 2179 650 2221 id
675 2180 806 2234 magis
832 2180 963 2225 καλῶς
989 2178 1052 2219 vel
1079 2168 1286 2219 liberalius
1313 2178 1538 2232 cultiusque
1565 2179 1779 2219 faciebant.
1834 2180 2104 2222 Nihilominus
2136 2198 2208 2223 au-

231 2262 314 2296 tem
342 2269 392 2296 ea
418 2267 500 2308 qua
525 2252 583 2293 dii
609 2252 705 2293 olim
732 2266 826 2292 cum
852 2251 1049 2307 principia
1073 2257 1242 2292 naturae
1268 2256 1418 2300 essent,
1446 2250 1573 2304 legati
1602 2257 1739 2301 erant,
1772 2254 1941 2293 materia
1975 2254 2207 2308 principalis

232 2343 304 2370 seu
332 2326 604 2369 substantialis
632 2324 741 2379 apud
767 2324 956 2378 pristinos
982 2330 1139 2379 poetas,
1168 2323 1236 2377 qui
1262 2323 1430 2364 deorum
1458 2329 1588 2364 ortum
1618 2337 1667 2364 ex
1701 2330 1855 2374 terrae,
1891 2341 2044 2379 aquae,
2083 2328 2204 2376 aeris,

233 2401 339 2457 ignis
365 2398 628 2453 siderumque
655 2396 790 2438 divina
818 2396 854 2437 vi
880 2396 1039 2438 recenti
1066 2393 1260 2437 memoria
1287 2395 1512 2445 servabant,
1541 2395 1619 2435 vim
1647 2395 1801 2437 retinet
1822 2411 1956 2438 suam:
1996 2412 2085 2439 nam
2122 2400 2204 2439 sato

233 2488 373 2516 munes
411 2485 460 2513 ex
497 2469 710 2525 principali
740 2471 925 2510 Hecates
960 2477 1003 2511 et
1035 2470 1224 2510 Mercurii
1258 2467 1453 2508 oriundae
1489 2467 1658 2512 deorum
1693 2469 1848 2510 formae
1876 2471 2059 2512 subditae
2086 2479 2201 2512 sunt:

479 2593 556 2603 0——

417 2660 449 2701 ⁸)
472 2659 650 2700 Quomodo
670 2658 705 2691 in
726 2657 864 2689 Oriente
885 2657 1106 2698 pantheistico
1126 2656 1315 2698 symbolica
1335 2642 1599 2695 &Earssefflffov
1617 2657 1726 2688 forma
1748 2658 1902 2697 Risimus,
1925 2660 1981 2698 nl„
2004 2659 2038 2690 in
2059 2661 2203 2692 Graecia

232 2712 464 2752 Prometheus,
484 2709 542 2754 qui
561 2709 648 2741 Jove
666 2708 769 2759 longe
790 2708 950 2747 majorem
970 2710 1078 2742 Deum
1099 2709 1295 2741 vaticinatus
1317 2710 1378 2747 est,
1401 2707 1534 2740 ItIentie
1557 2708 1726 2749 (Metidis)
1748 2709 1865 2748 filium,
1889 2713 1923 2740 et
1944 2711 2108 2742 Hercules
2129 2722 2201 2741 nn

234 2762 319 2795 tuci
331 2762 376 2795 nd
388 2760 584 2795 historicum
602 2747 859 2801 θεᾶϊθρωπῦν
887 2759 1084 2801 pertineant,
1106 2764 1140 2792 et
1161 2758 1325 2801 quomodo
1346 2759 1525 2800 profecerit
1551 2770 1627 2790 cum
1648 2759 1784 2792 Christo
1806 2760 1871 2793 net
1896 2761 2002 2803 ipsius
2026 2762 2116 2793 notio
2143 2772 2201 2794 na-

234 2818 345 2847 turam
365 2813 399 2846 ln
420 2813 560 2854 oriente,
579 2812 755 2845 historiam
776 2812 809 2846 in
831 2812 1003 2844 occidente
1024 2811 1287 2852 complectendo,
1308 2810 1392 2842 alibi
1414 2821 1583 2852 exponam.

419 2865 467 2903 ⁸)
488 2865 574 2898 Vide
596 2865 730 2897 Gedikii
749 2864 886 2895 Exeat-s.
909 2864 952 2895 ad
973 2863 1123 2897 Platonis
1143 2863 1318 2896 Menonem
1340 2863 1382 2895 de
1402 2863 1521 2895 statuis
1541 2862 1692 2895 Daedali.

418 2915 487 2956 ···)
501 2916 715 2949 Callistratus
741 2902 934 2954 Ἐκφρας.
957 2915 1046 2947 vm.
