2711 3352
495 366 591 407 mihi
620 369 979 417 me-persvasisse,
1018 366 1149 401 vatum
1182 360 1558 415 septentrionalium
1594 373 1724 415 genus
1758 360 1963 415 antiquum
1998 374 2048 401 eo
2083 364 2243 406 nomine
2279 364 2469 406 indicari:

496 452 669 493 quorum
701 445 833 478 vatum
863 435 1054 483 Druides,
1084 434 1207 474 etiam
1233 433 1450 476 Dodonaei
1486 441 1527 474 et
1557 434 1749 488 Delphici
1781 434 1895 475 initio
1929 434 2102 476 fuerunt.
2163 436 2318 488 Iidem,
2353 439 2471 479 etiam

493 512 832 566 Theogoniarum
861 508 1088 563 posteriore
1113 512 1299 560 tempore
1327 513 1514 547 auctores
1530 507 1591 561 ¹⁸),
1618 521 1643 546 e
1662 507 1800 548 Pieria
1817 507 1870 549 ad
1888 507 2120 559 Thraciam,
2146 508 2386 551 ad·At1i‹·am
2405 525 2472 552 us-

495 600 576 639 que
596 584 881 639 pertinentem,
899 580 1072 633 profecti
1092 580 1160 621 hic
1177 594 1300 621 novas
1318 579 1437 621 sedes
1457 579 1564 620 inter
1576 580 1778 633 Pelasgos
1796 581 1971 621 fixerunt
1980 581 2168 637 Thucyd.
2186 582 2239 622 11.
2258 585 2310 623 28
2328 588 2370 621 et.
2387 588 2472 625 29.t

494 666 539 698 ut
568 657 620 697 ad
649 655 972 708 consangvineos
1001 653 1205 694 Miltiades
1232 653 1398 693 colonos
1426 651 1651 694 deduceret
1677 658 1860 707 tempore
1879 654 2093 704 Pisistrati,
2122 661 2164 696 et
2181 654 2371 709 orphicae
2390 655 2417 694 i.
2436 669 2471 695 e.

496 728 822 782 septentrionalis
840 728 909 779 **)
930 726 1165 779 disciplinae
1184 726 1390 765 institutor
1409 725 1469 766 vir
1486 725 1699 780 singularis
1712 725 1903 779 Orpheus
1913 725 2000 781 Jam
2013 726 2173 768 Solonis
2191 734 2324 769 aetate
2344 729 2473 769 Grae-

496 804 554 843 cis
580 803 871 849 innotesceret,
900 814 1020 853 quem
1056 799 1209 852 primus
1242 812 1579 840 commemorasse
1613 797 1774 838 videtur
1800 798 2062 853 Pherecydes
2091 800 2248 853 (Stnrz.
2274 801 2343 841 Fr.
2371 802 2472 853 18.).

495 874 734 930 Phrygibus
772 887 861 914 cum
897 871 1129 913 Thracibus
1168 871 1395 912 commixtis
1439 871 1588 913 deinde
1623 870 1894 925 Orphicorum
1928 872 2138 926 disciplina
2170 886 2262 914 cum
2296 874 2476 913 Hecates

491 950 636 1001 juncta
663 947 806 986 Liberi
835 959 951 986 sacra
978 952 1019 985 et
1056 946 1112 985 ita
1140 945 1320 986 instituta
1346 951 1453 996 sunt,
1481 951 1527 987 ut
1552 946 1717 987 Hecate
1745 959 1859 996 eam,
1888 959 2007 1000 quam
2038 945 2161 987 habet
2192 945 2299 999 apud
2326 946 2477 986 Hesio-

496 1021 607 1071 dum,
637 1019 805 1060 haberet
832 1019 925 1068 vim,
953 1019 1080 1059 Liber
1107 1025 1241 1059 autem
1270 1024 1379 1058 esset
1396 1019 1553 1073 patiens
1572 1018 1640 1058 ille
1657 1018 1772 1058 Deus
1799 1024 1938 1072 (quem
1955 1018 2127 1072 populos
2143 1018 2478 1073 septentrionales

497 1094 770 1146 maximopere
799 1098 936 1133 mente
962 1091 1197 1145 percepisse
1225 1092 1344 1132 etiam
1373 1092 1519 1131 sabulis
1546 1091 1926 1144 septentrionalibus
1953 1090 2005 1132 de
2029 1091 2197 1133 Balduri
2222 1098 2352 1133 morte
2379 1104 2479 1145 cog-

497 1167 691 1214 noscitur,
720 1179 922 1219 quemque
950 1171 1107 1205 mature
1139 1166 1324 1205 Graecos
1353 1164 1474 1204 etiam
1501 1164 1551 1203 ab
1580 1164 1795 1217 Aegyptiis
1822 1164 2061 1218 cognovisse
2087 1165 2363 1219 Xenophones
2397 1171 2478 1205 tes-

498 1246 606 1279 tatur
624 1252 685 1290 ap.
701 1238 807 1278 Plat.
827 1240 958 1276 Amat.
977 1250 1017 1289 p.
1037 1240 1113 1277 763
1131 1237 1232 1290 **‘),
1260 1250 1380 1290 quem
1400 1235 1581 1289 proxime
1599 1236 1718 1276 Asiae
1736 1236 1902 1277 minoris
1920 1236 2079 1277 incolae
2095 1236 2381 1277 celebrandum
2399 1243 2480 1277 tra-

499 1311 698 1352 diderant.
755 1310 1020 1351 calamitates
1046 1309 1187 1348 Liberi
1215 1323 1247 1347 s.
1275 1307 1428 1359 Zagrei
1457 1307 1578 1347 etiam
1606 1306 1646 1345 in
1672 1306 1892 1347 Eleusiniis
1928 1307 2056 1356 (inter
2083 1307 2354 1361 Proserpinae
2380 1309 2482 1349 mala

500 1390 668 1425 auc-tore
694 1383 897 1435 Eumolpo
926 1382 1037 1422 luctu
1067 1380 1176 1420 culta
1196 1393 1245 1419 ac
1266 1378 1488 1426 celebrata)
1516 1384 1778 1419 consecratae
1804 1380 1990 1420 feceruut
2015 1386 2061 1420 ut
2079 1380 2268 1433 Orpheus
2295 1395 2319 1421 a
2345 1384 2482 1434 paucis

503 1470 644 1495 eorum
674 1468 840 1506 quoque
874 1466 1083 1492 sacrorum
1119 1457 1262 1489 auctor
1296 1449 1517 1488 haberetur
1551 1450 1622 1501 qui
1649 1450 1943 1502 antiquioribus
1982 1451 2058 1491 illis
2092 1452 2303 1493 Hecaticis
2341 1454 2483 1494 melius

501 1525 766 1581 procurandis
792 1525 971 1564 intentus
998 1522 1124 1562 fuisse
1144 1535 1165 1559 a
1185 1520 1366 1573 pluribus
1385 1520 1657 1571 perhibeatur.
1705 1519 1894 1560 Cerealia
1911 1533 2027 1560 sacra
2043 1520 2208 1563 ineunte
2226 1536 2322 1565 vere
2340 1532 2382 1565 et
2400 1539 2483 1566 ma-

502 1600 611 1640 xime
628 1596 838 1639 cantandis
865 1594 1024 1650 hymnis
1045 1592 1250 1633 celebrata
1269 1605 1358 1630 esse
1371 1590 1457 1645 jam
1476 1592 1638 1631 nomine
1656 1591 1846 1644 Eumolpi
1872 1592 2087 1634 indicatur.
2132 1595 2332 1637 Hecatica
2350 1604 2483 1638 autem

504 1686 575 1712 seu
605 1670 787 1725 Orphica
813 1669 947 1708 hieme
973 1666 1208 1720 ingruente,
1238 1669 1436 1703 nocturno
1464 1669 1670 1717 tempore,
1703 1664 1894 1705 terrificis
1925 1667 2179 1709 caerimoniis
2210 1691 2262 1699 —
2293 1684 2485 1723 procura-

504 1747 666 1784 bantur.
719 1743 778 1782 Et
803 1753 1045 1795 quamquam
1074 1737 1127 1777 de
1154 1737 1338 1776 Hecates
1367 1737 1569 1790 mysteriis
1597 1738 1637 1777 in
1665 1737 1894 1789 Thessalia,
1921 1739 2083 1793 Aegina
2107 1763 2159 1771 —
2179 1741 2391 1782 celebratis
2416 1758 2486 1797 pa-

505 1832 595 1858 rum
625 1821 795 1862 constat,
824 1820 959 1852 tamen
987 1825 1036 1851 cx
1064 1809 1368 1851 Eleusiniorum
1393 1810 1599 1850 nocturnis
1626 1810 1879 1861 ceremoniis,
1907 1824 2012 1864 quae
2036 1810 2195 1853 illorum
2222 1813 2344 1855 fuerit
2367 1816 2486 1865 ratio,

509 1888 647 1942 colligi
680 1891 826 1941 potest.
879 1886 946 1925 Ea
981 1898 1031 1924 ex
1059 1889 1147 1923 arte
1176 1884 1430 1922 Graecorum
1458 1881 1621 1922 scenica
1648 1889 1691 1922 et
1718 1882 1938 1922 dramatica
1963 1883 2092 1922 fluxit.
2146 1886 2327 1925 Accessit
2352 1892 2488 1926 autem

507 1962 650 2001 ultima
684 1961 939 2000 Graecorum
974 1961 1107 1995 aetate
1149 1953 1201 1993 ad
1243 1953 1345 1993 hanc
1379 1952 1512 1993 cultus
1545 1952 1732 1995 Hecatae
1769 1960 1812 1995 et
1847 1953 2051 1995 Mercurio
2076 1968 2149 1995 seu
2177 1956 2341 2010 Zagreo
2367 1958 2488 2000 dicati

508 2035 693 2082 sormam,
720 2044 842 2085 quam
871 2028 1090 2082 Orphicam
1118 2027 1303 2075 dicimus,
1331 2026 1602 2078 posteriorum
1629 2027 1903 2080 Orphicorum
1928 2027 2048 2078 ratio,
2075 2041 2180 2082 quae
2203 2028 2418 2083 theurgica
2441 2044 2490 2071 ac

510 2105 740 2160 syncretica
767 2107 944 2144 vocatur.
997 2100 1162 2142 Etenim
1196 2098 1433 2152 posterioris
1460 2099 1603 2138 aetatis
1632 2099 1800 2151 Orphici
1828 2100 1878 2139 ab
1905 2100 2072 2152 Orpheo
2099 2100 2167 2140 illo
2193 2101 2319 2156 longe
2341 2103 2490 2142 diversi

513 2179 613 2219 deos
639 2176 846 2232 publicos,
874 2185 1048 2229 quorum
1083 2172 1142 2212 vis
1169 2170 1359 2212 absorbta
1387 2168 1612 2221 videretur,
1640 2169 1692 2212 ad
1717 2185 1836 2212 unam
1862 2171 2031 2212 formam
2056 2173 2253 2225 redigere
2278 2174 2404 2214 licere
2430 2176 2489 2215 di-

512 2253 643 2290 vinam
671 2251 696 2287 i.
726 2262 761 2287 e.
789 2246 1028 2294 naturalem,
1056 2249 1179 2297 atque
1204 2243 1352 2284 iterum
1380 2256 1404 2282 a
1430 2248 1572 2284 natura
1598 2256 1749 2294 rerum,
1778 2256 1897 2297 quam
1917 2242 2084 2297 quidem
2106 2249 2242 2285 mente
2256 2247 2491 2300 percepisse

698 2428 729 2465 ·)
750 2422 1027 2464 Theogoniamm
1054 2419 1243 2453 conditores
1265 2420 1298 2452 iu
1327 2420 1470 2452 Boeotia
1497 2420 1580 2453 facti
1607 2419 1748 2463 Orphici
1775 2424 1888 2463 vates,
1919 2432 2020 2464 quum
2046 2421 2180 2464 tonum,
2206 2423 2348 2458 Aeolum
2370 2428 2405 2458 et
2424 2425 2492 2457 Do-

517 2491 590 2514 rum
611 2479 743 2513 fabulas
765 2478 799 2509 et
821 2474 958 2517 mythos
980 2474 1138 2516 plasticos
1160 2485 1186 2505 s.
1210 2472 1415 2505 aestheticos
1443 2473 1603 2514 dogmata
1625 2484 1688 2505 sua
1709 2474 1833 2515 frigida
1855 2484 1895 2506 ac
1917 2474 2047 2506 sterilia
2067 2475 2206 2507 obruere
2227 2476 2387 2509 sentirent
2408 2477 2493 2508 coeli

520 2538 554 2565 et
574 2538 683 2564 terrae
703 2529 809 2570 ipsius
829 2526 965 2569 ingenio
986 2526 1119 2557 mitiore
1138 2525 1344 2568 progenitos.
1389 2524 1476 2556 Ante
1503 2534 1624 2557 annum
1643 2526 1707 2560 660
1729 2529 1807 2559 ante
1827 2526 1908 2560 Chr.
1930 2526 1996 2559 hoc
2016 2526 2144 2559 factum
2165 2537 2239 2561 esse
2259 2528 2336 2561 inde
2357 2532 2494 2570 apparet

520 2580 608 2626 quod
629 2585 671 2616 ab
693 2579 875 2615 Aristotele
896 2578 921 2611 ii
942 2578 1138 2620 Epimenide
1161 2582 1196 2609 et
1215 2577 1413 2618 Pherecyde
1434 2576 1482 2616 (c.
1504 2577 1582 2614 660)
1606 2581 1717 2609 aetate
1738 2578 1865 2618 priores
1886 2579 2050 2610 dicuntur.

701 2634 747 2672 ··)
770 2631 872 2664 Vocis
891 2630 992 2672 origo
1014 2632 1096 2661 uota
1118 2629 1151 2660 in
1173 2629 1305 2670 vulgus.
1350 2627 1504 2670 Orpheus
1526 2631 1560 2661 et
1585 2628 1658 2671 ipse
1686 2628 1810 2662 fabulis
1831 2629 2029 2672 quibusdam
2056 2630 2187 2671 patiens
2208 2641 2344 2670 numen,
2371 2630 2496 2671 pariter

519 2697 603 2720 uxor
623 2685 801 2726 Eurydice.
846 2683 887 2714 V.
910 2682 1022 2719 Nork,
1042 2680 1268 2721 nieroglyph.

706 2738 769 2774 ’“’)
796 2729 1020 2784 Ζετοφόινης
1046 2726 1279 2782 Αἶγυπτίους
1306 2727 1476 2771 ἐκέλευσε
1501 2727 1569 2770 τὸν
1585 2728 1771 2782 Ὄσιριν,
1806 2726 1841 2770 εἰ
1866 2728 2009 2785 θνητὸν
2044 2734 2262 2784 νομίζουσι,
2298 2727 2349 2784 μὴ
2381 2735 2494 2784 τιμᾶν

524 2797 578 2845 ὡς
603 2795 713 2845 θεόν,
741 2792 776 2834 εἰ
802 2796 845 2837 δὲ
868 2791 962 2835 θεὸν
988 2792 1187 2846 ἡγοῦνται,
1222 2787 1275 2844 μὴ
1303 2798 1464 2845 θρηνεῖν.
1519 2802 1616 2845 Apud
1636 2804 1812 2837 Hebraeos
1833 2805 2034 2847 spirituale·
2060 2809 2204 2837 mentem
2227 2805 2353 2846 populi,
2377 2806 2496 2848 quippe

522 2863 674 2895 Jehovae
695 2869 840 2899 servum,
860 2857 963 2889 fui-⁸0
985 2856 1169 2898 patientem
1191 2856 1301 2895 deum,
1324 2866 1463 2896 eumque
1477 2855 1620 2887 Messiae
1642 2856 1811 2887 notionem
1827 2856 2001 2896 excitasse,
2024 2856 2080 2897 qui
2102 2856 2190 2897 apud
2206 2857 2344 2898 populos
2358 2861 2496 2890 naturae

526 2914 655 2946 deditos
675 2911 854 2954 Diony-oo,
877 2907 996 2948 Osiris,
1018 2907 1142 2940 Adonis
1164 2910 1231 2940 cet.
1254 2908 1337 2947 erat,
1359 2915 1458 2948 supra
1473 2905 1545 2947 jam
1566 2905 1762 2950 significavi.
