2711 3352
1235 220 1558 272 -8-

403 352 486 411 «ἦν
511 378 564 387 -
588 353 826 408 Στησίχορος
852 355 895 397 δὲ
926 355 1080 405 Δαμίαν
1115 348 1239 407 αὐτῆς
1271 353 1415 407 μητέρα
1441 358 1551 394 ποιεῖ.
1605 351 1743 394 Etiam
1770 350 1983 394 Hesiodus
2011 366 2100 397 eam
2126 354 2320 397 Phorbae
2346 360 2390 398 οι

402 429 588 473 Hecates
612 429 736 472 filiam
762 428 874 470 dixit.
928 419 1103 469 Deinde
1121 427 1245 468 etiam
1273 426 1472 482 Calypso,
1501 425 1554 468 ad
1587 425 1697 467 idem
1732 440 1866 482 genus
1895 425 2124 485 pertinens,
2164 415 2233 471 ab⁴
2254 429 2392 472 incan-

404 502 545 547 tando
559 500 759 558 αὐδήεσσα
785 502 935 543 dicitur
962 508 1034 556 (ut
1060 502 1142 559 Sc)
1147 501 1200 542 lla
1226 501 1280 543 X.
1308 504 1397 543 136.
1387 527 1415 551 .,
1450 501 1527 542 Ino
1553 499 1793 543 Leucothea
1820 501 1869 544 V.
1896 502 2027 558 334).
2071 501 2243 552 Eodem
2266 504 2393 560 perti·

405 584 485 620 net
504 577 606 619 illud
633 575 812 630 βῶστρειιν
840 575 895 626 de
920 576 1059 630 Scylla
1087 575 1242 616 dictum
1269 573 1594 617 Od.X11.124
1820 592 1827 598 ¹

589 650 675 693 Sed
698 663 782 690 non
800 649 932 692 solnm
961 650 1019 690 vis
1036 650 1221 691 Hecates
1249 647 1356 703 apud
1373 648 1603 691 Homerum
1621 647 1854 701 significata
1871 629 2086 701 invenitur,
2113 663 2252 692 verum
2271 651 2394 694 etiam

404 723 520 779 illud,
547 737 724 779 quocum
752 738 801 765 ea
829 724 880 765 ab
907 724 1022 767 initio
1050 722 1265 780 conjuncta
1291 721 1510 780 reperitur,
1536 720 1760 763 masculum
1777 734 1956 785 numen,
1970 722 2082 778 quod
2103 723 2313 780 probabile
2330 730 2396 768 est

406 799 501 841 olim
515 791 699 840 “Exaeov
729 798 886 839 dictum
913 798 1052 845 fuisse,
1082 812 1205 851 quem
1226 797 1377 840 Graeci
1400 792 1570 848 Ἑρμῆν,
1598 794 1741 835 Latini
1760 781 2010 837 Mercurium
2027 795 2182 839 dixere.
2222 802 2279 841 At
2305 800 2392 841 lon-

401 887 506 929 gnm
532 879 595 914 est
622 872 772 921 omnia,
800 885 905 926 quae
933 870 984 912 ad
1012 871 1184 923 priscam
1212 871 1318 912 hanc
1345 869 1537 911 Mercurii
1565 868 1734 910 formam
1761 869 1987 923 pertinent,
2014 884 2066 911 ex
2090 871 2279 913 Homero
2310 874 2395 915 col-

402 945 548 1001 ligere.
587 945 695 987 Nam
723 958 774 985 ex
794 958 845 985 eo
865 941 977 999 quod
995 942 1030 984 is
1048 944 1089 984 in
1108 942 1240 985 Iliade
1257 942 1379 985 modo
1398 943 1648 986 fertilitatem
1667 949 1709 983 et
1728 942 1975 996 opulentiam
1991 943 2178 998 praebet,
2205 945 2318 1000 quod
2338 947 2394 988 vis

403 1019 494 1077 ejus
520 1018 676 1073 pariter
702 1025 829 1073 alque
857 1019 1040 1059 Hecates
1068 1018 1119 1061 ad
1145 1018 1224 1060 tria
1251 1033 1382 1074 regna
1408 1018 1602 1075 pertinet,
1630 1016 1740 1071 quod
1766 1021 1830 1058 est
1855 1017 1987 1058 somni
2014 1015 2145 1067 dator,
2174 1018 2285 1072 quod
2304 1034 2395 1072 10²²-

404 1088 605 1144 σόῤῥαπις,
624 1090 734 1145 quod
753 1079 939 1140 ὅιᾶκτωρ,
962 1087 1251 1145 Ἀργειφόντης,
1281 1089 1475 1144 ἐριούνιος
1489 1116 1542 1123 -
1562 1087 1890 1147 (ψυχοπομπός),
1910 1088 2031 1130 facile
2046 1089 2259 1147 intelligis,
2287 1106 2396 1148 quae

405 1166 516 1208 inter
542 1165 633 1223 ejus
658 1172 702 1205 et
728 1166 908 1205 Hecates
936 1165 1015 1205 vim
1049 1165 1278 1207 intercedat
1312 1167 1430 1210 ratio.
1490 1166 1624 1216 Idem,
1660 1165 1731 1220 qui
1761 1170 1907 1219 postea
1937 1162 2118 1212 Χθόνιος
2149 1164 2283 1207 dictus
2317 1171 2395 1217 est,

402 1236 563 1290 Νόμιος
588 1237 722 1278 faetus
740 1237 830 1291 jam
859 1253 885 1279 a
914 1238 1102 1292 Pelasgis
1131 1239 1411 1299 agriculturae
1436 1238 1620 1280 intentis:
1647 1238 1802 1291 Hymn.
1827 1237 1954 1278 Hom.
1980 1238 2154 1288 XVIIL,
2180 1243 2219 1284 5.-
2238 1239 2301 1294 ¹⁸).
2352 1239 2396 1281 Is

403 1325 498 1353 cun
524 1310 757 1351 numinibus
783 1310 871 1349 istis
898 1310 1093 1349 hecaticis
1120 1312 1161 1349 in
1190 1311 1380 1365 Odyssea
1406 1312 1465 1351 ita
1492 1315 1688 1365 versatur,
1716 1322 1833 1349 suam
1858 1314 1906 1348 ut
1937 1308 2026 1362 ipse
2059 1309 2208 1351 doceat
2243 1310 2326 1352 vim
2352 1317 2396 1352 et

404 1388 588 1426 naturam
617 1380 669 1425 ad
695 1382 852 1423 illarum
878 1381 1029 1424 formas
1064 1382 1285 1436 pertinere.
1344 1382 1393 1423 In
1426 1396 1569 1424 earum
1603 1395 1773 1422 numero
1808 1381 1932 1423 etiam
1964 1381 2132 1440 Sirenes
2163 1389 2207 1423 et
2231 1383 2397 1425 Helena

405 1454 661 1499 referendae.
689 1477 744 1485 —
769 1455 999 1496 Praeterea
1032 1455 1141 1494 vocis
1174 1455 1321 1505 δαίμων
1353 1467 1451 1494 usus
1484 1453 1734 1494 Homericus
1765 1454 1801 1494 is
1835 1461 1900 1495 est
1932 1454 2002 1507 qui
2036 1469 2110 1496 nos
2142 1469 2237 1496 eum
2270 1462 2397 1510 cogat

404 1529 457 1571 ad
484 1527 650 1580 obscuri
675 1527 783 1566 illius
808 1526 1047 1565 universalis
1072 1530 1318 1576 potestatem
1343 1525 1501 1564 referre
1529 1526 1719 1574 (δαίμονα
1745 1521 1876 1574 δώσω,
1903 1522 2082 1577 οτυγερός
2110 1525 2153 1567 οἱ
2172 1524 2286 1579 ἷχραι
2307 1528 2396 1580 dai.

406 1616 509 1654 μων,
537 1601 726 1651 δαίμονος
751 1590 846 1638 αἶσα
872 1595 1010 1650 κακή).
1063 1598 1168 1654 Ejus
1201 1596 1464 1638 foemininum
1499 1602 1637 1660 autem
1663 1594 1818 1650 Δᾶειρα.
1870 1597 1993 1639 Haec
2015 1604 2079 1641 est
2103 1612 2154 1641 ea
2168 1596 2419 1656 spirituales*

405 1674 570 1729 religio,
599 1687 706 1727 quae
733 1686 825 1713 cum
852 1672 1060 1712 mater-mla·
1080 1671 1354 1724 pelasgarum
1381 1671 1600 1726 conjuncta
1624 1671 1885 1713 Hellenicam
1911 1673 2068 1726 genuit.

591 1747 646 1786 At
672 1745 789 1787 simul
817 1744 1076 1798 intelligitur,
1110 1744 1285 1785 Homeri
1312 1750 1448 1784 aetate
1481 1743 1581 1784 illud
1607 1744 1793 1785 culturae
1822 1745 2087 1798 principium,
2127 1760 2208 1801 quo
2234 1748 2397 1790 occulta

404 1821 474 1861 illa
499 1818 663 1861 numina
688 1818 731 1858 in
757 1817 965 1858 hominum
993 1816 1137 1857 animis
1164 1816 1326 1871 vitaque
1361 1816 1694 1867 dominabantur,
1735 1820 1780 1857 et
1811 1816 1854 1858 in
1889 1817 2108 1860 remotiora
2141 1818 2396 1876 barbaraque

403 1899 542 1934 terrae
569 1892 664 1932 loca
690 1891 863 1930 inveniri
890 1890 1100 1943 relegata,
1142 1895 1186 1931 et
1212 1891 1403 1931 Hecaten
1435 1903 1529 1931 cum
1563 1890 1744 1944 conjuge
1777 1889 1908 1930 solum
1941 1903 1967 1930 e
2001 1892 2184 1945 vestigiis
2218 1894 2396 1961 residuis

405 1978 529 2022 posse
554 1963 764 2018 cognosci.
818 1963 925 2011 Nam
948 1958 1115 2014 (Ερμῆς,
1142 1961 1228 2002 sive
1245 1962 1307 2003 sic
1332 1962 1384 2003 ab
1410 1962 1526 2003 initio
1545 1969 1712 2004 vocatus
1740 1966 1817 2014 est,
1845 1962 1932 2004 sive
1948 1963 2101 2005 Hecati
2123 1955 2271 2017 nomen
2296 1980 2396 2021 ges-

402 2039 479 2090 sit,
512 2037 600 2094 jam
639 2036 758 2077 aliam
784 2041 873 2076 tum
899 2040 1085 2078 naturam
1111 2034 1326 2086 induerat,
1359 2040 1403 2077 et
1426 2036 1629 2077 Hecate’
1616 2050 1659 2077 ιιι
1684 2034 1908 2077 Artemidis
1932 2037 2184 2091 potissimum
2210 2043 2396 2081 naturam

406 2114 662 2166 formamque
689 2107 1006 2162 transierat***).
1063 2109 1320 2149 Graecorum
1347 2108 1468 2160 enim,
1496 2122 1584 2159 seu,
1611 2115 1658 2150 ut
1684 2122 1746 2163 ap.
1773 2109 2003 2152 Homerum
2029 2117 2115 2161 est,
2153 2112 2309 2168 Ulyssis
2335 2114 2397 2156 in-

405 2186 575 2242 genium
599 2196 675 2224 sua
699 2181 793 2222 luce
818 2182 910 2222 loca
935 2181 1013 2222 ista
1040 2185 1084 2222 et
1108 2186 1297 2235 tempora
1313 2181 1402 2236 jam
1428 2181 1702 2223 illustraverat
1725 2186 1970 2243 spectraque
2002 2183 2071 2225 illa
2095 2183 2138 2224 in
2164 2188 2301 2226 terrae
2326 2200 2394 2228 oc-

408 2259 546 2301 cultae
571 2269 760 2298 recessus
786 2259 1029 2295 removerat.
1082 2254 1193 2295 Nam
1218 2268 1312 2294 cum
1336 2254 1565 2316 Thracibus
1590 2254 1678 2296 istis
1704 2254 1911 2296 commixti
1935 2255 2120 2311 Pelasgi,
2147 2263 2314 2303 naturae
2339 2260 2396 2300 vi-

407 2331 521 2375 ribus
546 2326 916 2382 vicissitudinisque
941 2324 1113 2377 addicti,
1140 2338 1290 2372 novum
1316 2326 1501 2370 culturae
1527 2340 1661 2382 genus
1686 2326 1957 2381 protulerunt.

592 2402 733 2457 Igitur
758 2399 812 2440 de
839 2399 1012 2441 Graecis
1039 2398 1274 2453 exposituro
1300 2399 1449 2454 prioris
1483 2413 1606 2455 quam
1629 2400 1807 2442 Homeri
1842 2388 1997 2443 aetatis
2020 2408 2280 2447 monumenta
2315 2404 2394 2446 cir-

410 2473 713 2532 cumspicienda
738 2478 847 2523 sunt,
875 2486 957 2513 non
982 2472 1099 2513 istius
1126 2471 1294 2527 quidem
1321 2472 1599 2514 schamanicae
1624 2487 1699 2514 seu
1726 2466 1968 2516 barbaricae
1994 2489 2114 2531 quam
2140 2490 2264 2531 supra
2288 2482 2395 2519 trac-

411 2550 597 2600 tavimus,
625 2554 666 2590 at
693 2547 783 2605 ejus
810 2559 916 2601 quae
941 2545 1036 2588 huic
1062 2546 1269 2589 successit.
1312 2545 1379 2589 Ea
1404 2552 1470 2589 est
1494 2551 1629 2589 autem
1646 2547 1858 2604 pelasgica
1875 2549 2131 2593 Graecorum
2157 2555 2288 2602 aetas3
2315 2564 2395 2606 qua

596 2699 629 2736 ⁸)
650 2695 693 2727 V.
717 2695 864 2731 Goeller,
886 2694 1047 2729 Demeter
1067 2695 1133 2726 und
1153 2694 1367 2736 Persephone
1387 2695 1425 2728 S.
1446 2696 1507 2730 2⁰1
1530 2705 1602 2739 sqq
1644 2695 1773 2730 Postea
1791 2695 1909 2731 Nomii
1929 2700 2049 2731 natura
2068 2706 2200 2742 quoque
2219 2697 2254 2731 in
2267 2698 2394 2742 apom-

412 2752 464 2785 uis
482 2750 629 2784 tonnam
649 2746 752 2780 abiise
720 2757 773 2780 sse
793 2747 942 2779 videtur.
964 2745 1022 2788 qni
1043 2747 1116 2787 Apo
1096 2746 1168 2779 ouo
1188 2746 1243 2779 No
1223 2747 1292 2779 oim
1294 2758 1333 2779 os
1353 2759 1430 2789 pan
1419 2748 1523 2780 itum
1543 2748 1786 2783 necessitudine
1808 2760 1924 2797 orcum
1950 2755 1986 2784 et
2006 2752 2187 2784 inferos-mn
2207 2761 2261 2783 res
2284 2753 2395 2785 adtin-
2462 2756 2469 2760 '

413 2813 494 2848 gete
515 2801 637 2842 coepit,
660 2800 694 2831 id
716 2799 804 2839 quod
824 2809 866 2839 po
846 2798 941 2829 otissi
930 2808 1034 2829 ιιιιιιιιι
1057 2808 1098 2829 ex
1118 2798 1255 2830 Admeti
1275 2799 1393 2831 fabula
1412 2798 1627 2841 intelligitur.

596 2853 647 2893 ⁸)
674 2852 724 2883 Go
727 2851 789 2882 elle
772 2860 825 2888 ⁶0¹·
850 2851 873 2882 l.
900 2850 924 2882 1.
952 2850 988 2882 S.
1017 2851 1059 2884 52
1086 2861 1157 2892 sqq.
1214 2849 1407 2884 Mercurius
1440 2860 1529 2885 unus
1559 2851 1660 2886 Coelo
1683 2856 1803 2894 patre,
1840 2851 1892 2887 Da·
1891 2864 1914 2884 a
1945 2857 2035 2885 maer
2017 2863 2055 2885 re
2079 2858 2182 2887 natus
2209 2858 2273 2887 eet.
2322 2854 2392 2887 Cic.

414 2906 459 2939 N.
483 2906 523 2938 D.
550 2906 622 2938 111.
643 2904 698 2937 22.

1715 2983 1736 3002 Ι
