2711 3352
1079 231 1434 284 -23-

260 372 464 422 putarent,
491 366 610 407 etiam
629 366 864 414 animorum,
892 364 1043 418 pietate
1061 375 1165 417 erga
1182 361 1282 403 deos
1303 377 1513 405 vacuorum
1533 364 1676 405 solatia
1702 367 1744 404 et
1763 377 1870 418 quae
1888 364 1940 404 ad
1959 379 2105 421 corpus
2133 380 2236 420 quo-

261 455 340 495 que
352 439 601 492 pertinerent
618 439 915 480 medicamenta
931 443 1121 491 repetere
1140 437 1274 477 conati
1292 442 1404 480 suntz
1424 451 1528 491 quae
1547 439 1665 478 animi
1683 437 1948 491 corporisque
1969 440 2234 481 medicamina

258 518 377 553 antea
402 513 546 566 Apollo
574 524 667 552 cum
694 509 820 551 altera
846 510 908 551 sui
934 515 1050 564 parte
1076 510 1317 565 Aesculapio
1351 510 1406 551 ita
1431 511 1688 564 praebuerat,
1716 517 1763 551 ut
1788 525 1829 565 p.
1860 510 1958 552 Chr.
1987 524 2024 551 n.
2054 513 2231 553 nonnulli

255 590 457 638 putarent,
484 596 625 625 eorum
651 587 896 637 potestatem
923 596 1015 624 cum
1043 582 1195 624 Christi
1223 582 1535 638 comparandam
1562 596 1664 624 esse.
1717 584 1776 624 Et
1808 582 1919 639 quod
1947 583 2075 638 prisci
2103 584 2230 625 homi-

255 671 325 697 nes
351 656 557 710 magistris
584 661 728 696 natura
755 670 805 697 ac
830 656 1013 696 sensibus
1040 656 1247 706 fecerunt,
1281 657 1325 696 id
1352 656 1382 696 ii
1410 656 1555 696 mentis
1592 657 1628 695 vi
1665 663 1842 697 tractare
1869 656 2089 697 studentes
2125 672 2229 710 quae

252 737 340 770 toto
368 729 542 770 Oriente
568 729 623 769 ab'
646 728 875 783 antiquiore
903 735 1037 769 aetate
1064 729 1245 770 remedia
1272 736 1315 770 et
1339 729 1486 770 auxilia
1503 729 1739 770 viderentur
1755 730 1928 780 residua,
1956 729 2229 783 undecunque

253 806 451 855 congesta
478 801 781 857 conjungebant
807 801 1149 856 popularibusque
1176 802 1451 857 propinabant.
1508 803 1599 849 Qua
1625 807 1759 843 aetate
1794 802 2024 857 quibusque
2052 802 2228 842 auctori-

250 873 325 913 bus
353 888 491 914 omnes
528 874 584 914 dii
613 874 800 929 deaeque
829 874 873 915 in
906 874 1099 915 Mercurii
1135 881 1180 915 et
1211 875 1392 916 Hecates
1427 877 1573 917 formas
1609 876 1665 916 ita
1697 890 1835 917 rursus
1871 875 1988 917 relati
2025 882 2139 926 sunt,
2180 881 2226 914 ut

248 946 474 987 Mercurius
501 954 609 987 esset
634 948 676 988 in
695 947 810 988 coelo
837 948 1017 1001 Jupiter,
1054 948 1095 988 in
1129 949 1230 989 mari
1256 950 1490 1003 Neptunus,
1530 950 1572 989 in
1608 951 1745 990 inferis
1773 950 1910 1000 Pluto,
1936 950 2034 990 item
2059 948 2221 1002 Apollo,

245 1019 464 1070 Vulcanus,
490 1020 710 1075 DionysuS,
736 1020 912 1062 ,Iacchus
926 1027 1019 1072 cet.,
1046 1022 1260 1076 parimodo
1279 1023 1442 1064 Hecate
1469 1023 1510 1062 in
1539 1022 1653 1062 coelo
1672 1021 1794 1073 Juno,
1820 1023 1862 1062 in
1887 1029 1998 1062 terra
2024 1026 2067 1061 et
2083 1019 2221 1061 inseris

243 1092 443 1133 Demeter
466 1099 508 1133 et
525 1094 787 1147 Proserpina,
814 1095 911 1135 item
928 1095 1117 1145 Artemis,
1145 1096 1297 1146 Venus,
1325 1096 1371 1136 Io
1392 1101 1458 1136 cet
1476 1096 1536 1149 *).
1591 1095 1784 1149 Denique
1801 1094 2114 1149 antiquissimam
2131 1093 2222 1134 He-

244 1164 400 1205 catieae
426 1166 636 1219 religionis
663 1166 805 1205 sedem
830 1167 1049 1220 repetiere,
1076 1168 1210 1206 Asiam
1236 1168 1604 1220 septentrionalem,
1631 1167 1803 1207 maxime
1820 1167 2055 1207 Bactrinam
2081 1165 2219 1219 regio-

243 1249 348 1286 nem,
377 1251 457 1290 quo
484 1243 569 1278 tum
596 1238 779 1279 Anahitis
813 1254 886 1279 seu
912 1240 1035 1280 Mitra
1069 1246 1112 1280 et
1144 1239 1315 1280 Mithras
1358 1240 1531 1281 duorum
1575 1240 1746 1280 deorum
1787 1240 2011 1291 principum
2047 1238 2217 1279 formam

238 1307 457 1349 induerunt
483 1314 527 1349 et
554 1309 778 1360 cultiorem,
807 1317 863 1361 et,
893 1325 983 1351 cum
1010 1311 1104 1351 olim
1130 1311 1341 1352 daemonia
1367 1312 1517 1352 fuerint
1544 1313 1631 1352 sine
1660 1312 1787 1352 forma
1814 1317 1856 1351 et
1881 1310 2058 1362 nomine,
2093 1323 2216 1351 sensu

238 1380 360 1420 modo
387 1382 513 1431 culta,
555 1387 600 1421 ut
627 1396 748 1434 supra
774 1382 1093 1423 demonstratum
1120 1390 1205 1431 est,
1245 1386 1485 1423 materialem
1519 1385 1544 1423 i.
1575 1398 1608 1423 e.
1637 1384 1872 1424 solidiorem
1899 1382 2115 1436 magisque
2141 1382 2215 1421 sub

237 1451 376 1491 oculos
405 1452 638 1493 cadentem:
681 1454 792 1507 quod
825 1456 996 1494 maxime
1031 1460 1115 1493 tum
1149 1454 1300 1493 factum
1329 1459 1393 1493 est
1415 1460 1630 1507 postquam
1657 1455 1726 1493 ille
1752 1453 1864 1494 credi
1892 1455 1966 1503 sol,
1993 1454 2097 1493 haec
2122 1454 2217 1494 luna

236 1530 380 1577 coepta
406 1531 488 1567 est:
517 1538 598 1578 qua
624 1525 812 1577 opinione
841 1526 962 1565 etiam
994 1526 1093 1565 illud
1118 1527 1324 1565 turbatum
1351 1532 1415 1565 est
1441 1526 1553 1578 quod
1582 1526 1900 1578 antiquissimum
1927 1539 2077 1566 numen
2112 1539 2215 1568 neu-

234 1597 334 1637 trius
361 1610 479 1637 sexus
506 1610 579 1637 seu
606 1597 889 1653 androgynum
916 1604 1025 1648 erat,
1062 1598 1138 1648 ita,
1180 1604 1227 1638 ut
1253 1597 1455 1638 foeminea
1483 1603 1626 1638 natura
1659 1598 1796 1650 potior
1832 1597 2060 1648 videretur,
2101 1599 2212 1652 quod

232 1683 354 1722 supra
380 1668 751 1721 demonstravimus,
780 1685 860 1725 quo
890 1670 1010 1710 etiam
1029 1670 1072 1709 id
1089 1671 1266 1723 pertinet
1285 1670 1394 1723 quod
1415 1669 1515 1709 deus
1534 1670 1673 1708 Lunus
1692 1670 1810 1709 fictus
1830 1676 1892 1709 est
1910 1670 2138 1724 cultusque,
2168 1676 2211 1711 et

231 1741 341 1795 quod
365 1742 521 1782 Persae
548 1743 831 1795 quoque'olim
858 1743 1016 1783 Mittam
1043 1742 1243 1796 potiorem
1271 1742 1536 1782 aestimabant
1560 1742 1722 1782 Herod.
1751 1742 1896 1791 I.131‚
1924 1742 2019 1792 VII,
2045 1746 2112 1793 37,
2141 1746 2209 1796 qui

227 1822 372 1867 postea
397 1813 570 1854 Mithrae
597 1814 725 1855 forma
759 1815 886 1856 solem
921 1830 992 1856 seu
1034 1815 1174 1869 ignem
1211 1814 1395 1854 venerari
1428 1813 1669 1856 didicerunt.
1733 1814 1953 1868 Utriusque
1985 1829 2104 1855 sexus
2136 1829 2207 1855 na-

227 1893 317 1925 tura
343 1885 508 1926 indutus
539 1885 640 1925 deus
674 1886 862 1939 princeps
889 1888 1049 1941 potiore
1077 1893 1221 1927 natura
1248 1886 1451 1926 foeminea
1477 1886 1614 1926 effecit
1640 1892 1699 1935 ut,
1729 1900 1820 1925 cum
1846 1886 1946 1926 deus
1974 1900 2094 1937 quem
2121 1887 2205 1926 Lu-

226 1972 321 1998 num
350 1958 514 2012 (Μῆνα)
543 1958 706 1998 Pontici
734 1957 943 2009 dixerunt,
971 1960 1271 2013 sejungeretur,
1310 1972 1389 1998 non
1419 1958 1597 2012 dupplex
1624 1958 1771 2009 modo,
1813 1958 1887 1998 sed
1916 1959 2036 1999 etiam
2062 1959 2205 2012 triplex

225 2030 353 2072 forma
378 2031 605 2084 fingeretur
631 2030 796 2072 secund.
822 2031 903 2072 Jul.
932 2031 1097 2072 Firmic.
1127 2031 1181 2071 de
1209 2045 1337 2071 error.
1373 2030 1476 2083 prof.
1512 2031 1664 2085 religg.
1700 2032 1749 2072 V.
1777 2046 1817 2085 p.
1856 2035 1938 2073 16.:
1979 2032 2137 2072 Persae
2162 2036 2205 2073 et

223 2103 348 2156 Maga·
367 2124 422 2133 -
446 2124 501 2132 -—
527 2102 662 2142 Jovem
687 2105 729 2142 in
761 2103 865 2143 duas
899 2104 1082 2144 dreidunt
1114 2106 1363 2156 pete-states,
1407 2107 1596 2145 naturam
1629 2105 1719 2158 ejus
1750 2103 1807 2144 ad
1834 2104 2045 2156 utriusque
2082 2116 2204 2145 sexus

223 2174 519 2228 transferentes
546 2172 625 2230 (et)
652 2176 733 2213 viri
757 2178 798 2214 et
814 2174 1020 2228 foeminae
1045 2176 1258 2213 sz'mulacra
1286 2177 1392 2227 ignis
1416 2176 1684 2213 substantiam
1711 2174 1972 2227 deputantes,
2000 2178 2042 2214 et
2067 2177 2199 2214 mulie-

221 2261 303 2286 rem
345 2245 501 2299 quidem
531 2246 766 2301 triformi
802 2261 864 2287 vu
874 2248 946 2287 ltu
991 2249 1261 2297 constituunt,
1302 2249 1534 2287 monstrosis
1571 2261 1656 2287 eam
1695 2247 1948 2299 serpentibus
1984 2248 2193 2299 illigantes.

223 2319 341 2364 Quae
366 2317 511 2358 mulier
537 2320 688 2372 triplex
713 2321 883 2359 nummis
909 2320 1133 2361 Bactrianis
1162 2321 1411 2375 conspicitur
1438 2321 1548 2374 quasi
1565 2319 2101 2368 Mithra-Artemis-Hecate,
2128 2321 2193 2359 cui

220 2391 377 2444 Μίθρας
402 2388 696 2444 τριπλάσιος
732 2391 820 2447 (ap.
854 2391 1014 2434 Maxim.
1053 2393 1092 2434 in
1126 2392 1265 2435 Schol.
1298 2393 1350 2435 ad
1385 2393 1552 2447 Dionys.
1585 2390 1822 2445 Areopagit.
1856 2391 1987 2446 Epist.
2028 2407 2067 2446 p.
2102 2394 2191 2443 91.)

217 2466 445 2519 posteriore
469 2470 604 2505 aetate
630 2466 835 2518 appositus
862 2467 1080 2520 reperitur,
1110 2473 1153 2508 et
1180 2472 1443 2521 utrorumque
1469 2460 1653 2514 sortasse,
1683 2476 1923 2519 quamquam
1949 2464 2064 2505 initio
2082 2465 2193 2520 prio-

217 2553 304 2579 rum
332 2540 476 2589 solum,
514 2540 731 2592 Μησὶτης
764 2538 948 2592 quidem,
987 2554 1106 2594 quem
1138 2541 1226 2594 pari
1260 2539 1378 2580 modo
1412 2543 1555 2578 vocant
1589 2537 1798 2587 Mithram,
1831 2537 2028 2592 cujusque
2062 2539 2194 2579 forma
2262 2532 2267 2538 ’

217 2626 266 2652 ac
292 2617 434 2658 natura
461 2626 510 2652 ex
536 2612 738 2666 mysteriis
763 2612 984 2652 Mithriacis
1015 2612 1172 2653 videtur
1198 2613 1374 2661 fluxisse,
1401 2611 1471 2650 ubi
1490 2610 1651 2650 isidem
1671 2611 1738 2664 qui
1759 2612 2012 2651 Graecorum
2040 2619 2192 2666 myste-

217 2685 370 2724 riorum
398 2684 499 2726 deus
526 2685 697 2738 patiens,
726 2691 826 2736 erat,
854 2692 981 2726 matre
1000 2685 1134 2735 Mitra,
1161 2691 1277 2739 patre
1301 2683 1464 2726 Mithra.
1519 2684 1576 2725 Et
1602 2684 1636 2723 is
1663 2683 1830 2723 Mithras
1858 2683 2023 2737 quidem
2041 2685 2188 2737 Zendi-

393 2808 427 2849 ⁸)
449 2810 500 2841 De
520 2809 709 2852 Trophonii
728 2811 823 2842 cultu
844 2814 878 2842 et
899 2811 1033 2842 oraculo
1054 2810 1150 2848 haina
1171 2810 1292 2841 aetatis
1314 2808 1537 2853 recte-Stultr
1559 2808 1582 2839 1.
1606 2809 1629 2839 l.
1651 2809 1704 2841 91.
1749 2809 1795 2840 Et
1811 2809 1884 2847 jam
1907 2809 1977 2841 Cic.
2000 2808 2103 2846 hunc,
2126 2808 2184 2848 qui

213 2861 274 2894 nub
296 2859 392 2892 ten-i·
410 2859 556 2892 habetur
581 2866 616 2893 et
636 2861 837 2895 Mercurium
865 2867 899 2895 et
920 2861 1151 2903 Trophonium
1178 2861 1276 2894 dicit:
1314 2861 1356 2894 N.
1380 2861 1422 2893 D.
1444 2861 1502 2892 111.
1525 2860 1577 2893 22.
1632 2860 1683 2892 De
1711 2864 1812 2902 myst.
1842 2861 1962 2893 Hecat.
1990 2859 2184 2892 celebritate

212 2913 309 2954 θεῖς.
332 2923 360 2947 ο.
381 2911 470 2943 Cels.
493 2912 549 2943 VI.
571 2913 645 2945 290.
