2711 3352
1047 223 1395 276 —19-

231 367 317 403 tum
344 365 408 403 est
434 364 481 401 ut
508 358 628 401 etiam
658 359 881 402 excelsiore
909 356 1040 398 animo
1068 355 1239 411 praediti
1268 361 1309 397 et
1335 360 1482 411 poetae
1509 363 1551 400 et
1577 354 1806 413 philosophi
1836 356 2018 400 virtutem
2047 374 2126 401 non
2142 374 2207 399 se·

225 433 407 490 junctam
435 444 458 472 a
484 437 691 474 venustate
719 429 895 487 quadam
923 434 967 471 et
1002 428 1180 470 utilitate
1216 435 1530 484 cognoscerent,
1572 429 1834 473 excelsiorem
1875 429 1963 486 ejus
2004 432 2206 474 notionem

230 518 310 543 non
344 505 625 558 percipientes.
695 504 773 547 Qui
815 504 928 541 verbi
965 516 1085 542 causa
1117 503 1426 556 praecipiebnnt
1462 499 1557 548 τοὺς
1592 500 1756 556 ἐχθροῦς
1789 502 2099 555 ἀιτικακουργεῖν
2134 518 2206 545 seu

229 580 361 622 κακῶς
385 584 524 616 neceb:
554 590 646 614 nam
672 576 958 615 Archilochus:
986 570 1026 613 ἕν
1054 574 1084 615 δ’
1116 574 1315 624 ἐπίσταμαι
1342 578 1451 624 μέγα,
1479 572 1546 612 τὸν
1574 579 1704 619 κακῶς
1732 592 1766 614 τι
1796 579 1950 626 δρῶντα
1978 578 2113 621 δεινοῖς
2140 576 2206 614 ἀν-

227 651 471 703 ταμείβεσθαι
495 653 645 694 κακοῖς.
673 647 770 690 Pari
788 647 908 689 modo
928 647 1128 689 Pindarus
1145 646 1282 689 Isthm.
1301 646 1371 689 IV.
1392 651 1459 699 86,
1481 646 1603 703 Pyth.
1622 646 1675 697 11,
1695 651 1759 697 84,
1789 654 1831 689 et
1857 655 2009 702 poetae
2033 648 2204 702 tragici:

230 721 353 777 Soph.
372 725 465 763 Ant.
485 724 589 772 926„
618 720 670 762 Ο.
700 722 748 763 C.
776 722 866 763 270.
921 721 993 763 Sic
1020 721 1142 762 etiam
1162 721 1340 775 Gorgias
1367 721 1556 762 virtutem
1582 720 1762 775 ponebat
1788 722 1830 762 in
1847 719 1926 762 hoc
1951 718 2084 762 ἱκανὸν
2113 716 2210 761 εἶναι

228 792 277 835 τὰ
304 795 371 848 τῆς
396 791 545 841 πόλεως
570 791 744 847 πράττειν
771 793 838 834 καὶ
864 792 1080 845 πράττοντα
1097 806 1194 840 τους
1221 794 1284 845 μὲν
1314 796 1454 843 φίλους
1480 790 1522 835 εὖ
1551 798 1670 836 ποιεῖν
1698 790 1792 840 ’τούς
1819 793 1850 836 ὅ
1882 791 2047 847 ἐχθροὺς
2074 795 2209 840 κακῶς

228 867 333 907 Plat.
361 866 468 908 Men.
496 871 549 917 3.,
576 867 683 907 Krit.
711 870 773 909 10.
830 866 895 907 Cf.
923 867 1157 907 Stallbaum.
1186 866 1320 907 adnot.
1341 867 1392 907 ad
1410 868 1494 909 h.1.
1548 867 1615 908 De
1633 874 1846 909 venustate
1870 874 2020 918 autem,
2056 879 2212 907 morum

228 940 441 995 principio,
469 940 575 981 inter
600 946 743 994 poetas
769 939 887 994 lyrici
913 945 956 980 et
982 940 1088 981 inter
1113 940 1372 994 philosophos
1390 941 1511 981 Plato
1530 940 1749 981 admodum
1768 940 1907 981 diserti
1925 946 1967 981 et
1984 940 2136 994 copiosi
2155 940 2209 988 *).

414 1012 534 1053 Haec
560 1018 624 1052 est
651 1025 700 1052 ea
719 1018 830 1052 aetas
850 1025 1069 1066 rerumque
1087 1012 1263 1051 civilium
1282 1013 1490 1052 conversio
1510 1018 1552 1052 et
1578 1012 1772 1062 conditio,
1799 1012 2012 1061 artificum,
2040 1010 2211 1051 maxime

229 1084 402 1125 Homeri
428 1084 681 1139 poematibus
708 1084 889 1127 condita:
918 1085 990 1124 ubi
1025 1085 1158 1125 omnia
1192 1083 1426 1135 κινούμενα,
1467 1085 1538 1124 ubi
1573 1099 1653 1125 non
1684 1085 1770 1139 jam
1805 1091 1972 1124 naturae
2005 1083 2210 1130 miracula,

231 1156 305 1196 sed
331 1156 532 1196 humanae
558 1157 748 1196 solertiae
775 1156 965 1205 artificia,
1001 1169 1083 1194 non
1115 1169 1252 1195 rerum
1278 1158 1397 1209 signa
1424 1163 1467 1195 et
1491 1157 1706 1209 imagines,
1731 1155 1805 1195 sed
1831 1156 2096 1195 humanorum
2123 1167 2212 1192 sen-

231 1241 346 1269 suum
374 1228 659 1281 actionumque
685 1242 778 1268 cum
804 1228 993 1269 libertate
1032 1233 1076 1268 et
1102 1234 1313 1269 venustate
1342 1228 1654 1283 conjunctarum
1680 1228 1877 1281 imagines
1904 1227 2211 1280 expetebantur,

231 1314 308 1341 nec
334 1299 603 1354 symbolicae,
645 1298 718 1339 sed
745 1298 992 1340 dramaticae
1030 1313 1165 1340 rerum
1202 1300 1379 1340 rationes
1415 1301 1751 1355 requirebantur,
1792 1300 1862 1340 ubi
1895 1313 2007 1339 sunm
2039 1298 2213 1352 quisque

230 1372 425 1424 populus,
466 1384 653 1423 quaeque
686 1383 790 1423 gens
818 1384 867 1410 ac
894 1371 1045 1409 familia
1073 1376 1192 1424 quam
1218 1372 1444 1410 universale
1479 1373 1686 1425 ingenium
1719 1372 1835 1424 sequi
1864 1372 2061 1417 malebat3
2104 1370 2214 1422 quod

230 1457 367 1483 rerum
398 1442 639 1496 principium
673 1441 843 1481 deorum
876 1443 1047 1493 primum
1085 1442 1268 1490 civitate,
1316 1441 1467 1481 deinde
1505 1442 1713 1482 hominum
1748 1443 2010 1482 societatibus
2042 1442 2216 1494 publicis

232 1515 393 1556 omnino
420 1512 681 1553 dramaticam
708 1519 891 1552 naturam
919 1511 1204 1551 exhibentibus
1238 1513 1334 1552 satis
1370 1512 1618 1552 declaratum
1644 1513 1839 1553 videmus.
1899 1514 1959 1553 Et
1989 1513 2075 1567 jam
2107 1514 2215 1566 apud

231 1588 460 1630 Homerum
487 1583 593 1626 vitae
619 1583 662 1624 in
689 1581 880 1624 dramatis
908 1582 1048 1624 abiere
1075 1587 1271 1633 naturam,
1301 1589 1344 1625 et
1371 1583 1531 1624 numina
1558 1584 1858 1626 antehomerica
1888 1589 2031 1638 postea
2059 1585 2216 1639 mystici

233 1658 424 1701 dramatis
450 1658 560 1699 facta
586 1661 689 1697 sunt.
745 1656 877 1710 Magis
905 1661 1040 1695 autem
1067 1660 1210 1708 postea
1238 1661 1378 1695 contra
1407 1656 1631 1695 universam
1664 1656 1877 1696 materiam
1909 1656 2123 1698 distinctae
2156 1657 2215 1696 in-

233 1732 505 1784 dividuaeque
531 1731 682 1769 formae
710 1734 960 1781 naturaeque
985 1733 1032 1767 ut
1058 1727 1230 1767 deorum
1258 1728 1316 1767 sic
1342 1727 1547 1767 hominum
1575 1741 1763 1781 pugnare
1786 1742 1983 1782 coepere:
2021 1744 2124 1783 quae
2152 1736 2215 1769 est

234 1806 352 1858 origo
379 1816 516 1843 rerum
542 1799 864 1841 dramaticarum.
918 1799 1003 1841 Sed
1030 1799 1084 1840 de
1111 1807 1200 1841 arte
1227 1799 1449 1840 dramatica
1476 1814 1525 1839 ex
1553 1800 1678 1853 mythi
1705 1801 1742 1839 vi
1776 1801 1962 1853 prosecta
1995 1803 2215 1855 adjunctis-

235 1890 316 1931 que
343 1873 517 1916 civilium
542 1884 680 1914 rerum
708 1870 1035 1911 conversionibus
1061 1870 1129 1912 hic
1155 1885 1236 1912 non
1262 1885 1395 1926 pergo
1424 1884 1631 1926 exponere
1658 1886 1783 1926 quum
1810 1872 1909 1926 quid
1937 1874 2016 1914 illis
2044 1875 2214 1915 numini-

235 1949 311 1988 bus
338 1946 481 2002 priscis
508 1945 661 1985 factum
688 1943 741 1984 sit
774 1943 884 1997 prius
918 1943 1122 1996 explicare
1156 1943 1341 1983 debeam.
1401 1944 1507 1985 Vide
1540 1945 1681 1998 Hegel.
1717 1944 1899 1985 Aesthet.
1935 1945 2011 1988 111.
2046 1946 2089 1986 S.
2127 1950 2215 1991 324.

235 2021 385 2059 Priora
411 2019 518 2057 enim
547 2018 614 2056 illa
641 2017 805 2055 numina
836 2021 990 2054 tantum
1023 2016 1153 2054 abfuit
1176 2022 1225 2055 ut
1259 2017 1421 2055 omnino
1453 2017 1715 2068 tollerentur,
1756 2024 1802 2055 ut
1833 2018 1967 2072 figura
2000 2020 2219 2058 recentiori

236 2091 361 2132 aetati
387 2089 646 2131 accomodata
672 2090 756 2129 suis
788 2089 891 2128 locis
926 2094 1148 2129 manerent.
1214 2089 1333 2134 Quae
1367 2090 1458 2130 loca
1491 2097 1607 2130 erant
1642 2091 1693 2129 ab
1726 2091 1839 2129 initio
1873 2091 2108 2143 pelasgicae
2148 2100 2220 2131 aut

236 2161 426 2217 orphicae
453 2160 688 2217 disciplinae
713 2159 852 2215 plenat
882 2157 1106 2213 iisdemque
1133 2159 1340 2202 celebrata
1366 2175 1415 2202 ea
1441 2161 1699 2202 inveniuntur
1724 2161 1775 2202 ab
1800 2161 2022 2203 artificibus
2050 2178 2099 2204 ac
2115 2179 2217 2216 poe-

238 2235 304 2277 tis.
360 2234 425 2276 Os.
453 2233 686 2290 interprett.
715 2231 768 2275 ad
795 2231 941 2275 Aesch.
968 2231 1187 2276 Eumenid.
1240 2232 1299 2276 Et
1322 2232 1376 2274 de
1401 2233 1625 2275 artificibus
1645 2233 1731 2291 jam
1755 2247 1874 2289 snpra
1897 2233 2215 2278 demonstratum

239 2316 324 2351 est:
369 2321 463 2350 nam
499 2308 720 2348 Pausanias
747 2307 801 2347 11.
830 2311 897 2357 30,
926 2311 962 2349 1.
990 2307 1040 2347 ab
1068 2305 1261 2347 Alcmane
1287 2306 1486 2360 triplicem
1513 2320 1586 2346 seu
1613 2308 1893 2361 tergeminam,
1922 2313 1964 2347 et
1991 2322 2016 2348 a
2042 2309 2214 2363 Myrone

237 2382 459 2435 simplicem
485 2381 676 2421 Hecaten
710 2380 846 2420 fictam
882 2394 973 2419 esse
1011 2384 1160 2420 narrat.
1219 2380 1440 2420 Poetarum
1474 2384 1609 2419 autem
1640 2380 1793 2432 primus
1824 2388 1918 2434 post
1944 2382 2153 2434 Orpheum
2181 2384 2215 2421 si

238 2468 361 2509 quem
391 2454 517 2495 fuisse
548 2451 716 2503 credas,
756 2456 799 2492 et
831 2452 1015 2493 Hecates
1047 2451 1322 2494 celebratione
1358 2452 1480 2505 longe
1515 2451 1861 2504 praeclarissimus
1890 2453 2099 2494 Hesiodus
2137 2463 2213 2496 est.

239 2527 321 2574 Qui
347 2525 510 2581 Theog.
536 2529 760 2568 411—522.
790 2522 888 2565 dicit
913 2538 1004 2565 eam
1030 2524 1185 2565 Persae
1212 2529 1256 2565 et
1282 2523 1463 2564 Asteriae
1489 2523 1612 2564 filiam
1637 2524 1817 2565 omnium
1845 2539 2114 2581 quaecunque
2145 2543 2213 2568 ee-

237 2599 338 2640 teris
364 2597 442 2639 diis
467 2602 591 2653 atque
617 2597 771 2637 deabus
798 2596 1005 2637 adtributa
1030 2597 1111 2638 sint
1137 2597 1372 2651 participem
1398 2595 1559 2648 factam,
1586 2610 1612 2637 a
1630 2596 1734 2637 Jove
1760 2596 1848 2651 ipso
1874 2612 2029 2639 summa
2046 2600 2214 2641 caritate

237 2669 428 2712 dilectam
453 2677 496 2711 et
519 2667 776 2725 summopere
802 2668 1053 2720 honoratam,
1081 2674 1125 2709 et
1140 2672 1275 2709 terrae
1303 2675 1345 2708 et
1371 2668 1471 2708 mari
1498 2675 1543 2709 et
1568 2669 1686 2709 coelo
1706 2669 2006 2722 quodammodo
2023 2686 2211 2726 praeesse

419 2798 451 2833 ⁸)
472 2797 525 2827 De
543 2796 758 2827 Aristotelian
778 2795 911 2826 virtutis
932 2796 1066 2827 notione
1086 2795 1185 2836 paulo
1206 2792 1306 2825 aliter
1328 2794 1544 2834 judicandum
1574 2804 1647 2826 esse
1670 2795 1742 2835 jam
1771 2803 1812 2826 ex
1841 2796 1967 2839 hymno
1994 2796 2027 2828 in
2054 2796 2210 2829 virtutem

238 2846 325 2889 apud
345 2846 527 2880 stobaeum
546 2848 589 2882 T.
611 2848 638 2881 1.
660 2849 691 2887 5.
716 2848 765 2901 ἱξὶ.
788 2851 939 2888 apparet.
970 2847 1083 2880 Etiam
1097 2846 1240 2879 aliorum
1260 2846 1395 2879 virtutis
1416 2847 1578 2887 notiones,
1601 2846 1837 2882 Aristotelicae
1852 2849 1986 2890 propius
2001 2850 2208 2890 accedentes,

240 2910 280 2932 ex
301 2897 439 2933 stobaei
461 2898 530 2931 Tit.
553 2900 580 2931 Ι.
610 2889 692 2940 ’epi
720 2885 858 2941 ἀρετῆς
885 2901 916 2940 s.
937 2899 970 2934 8.
992 2898 1061 2941 (ed.
1085 2897 1259 2941 Gaisford)
1282 2898 1440 2943 cognosci
1462 2898 1553 2931 licet.

1967 2965 2028 2999 3*
