2711 3352
824 664 1231 737 Hecate
1283 670 1387 737 et
1427 664 1936 751 Hecates,

1332 786 1394 820 88

472 873 651 912 rerum
669 855 984 910 -divinarnm
1017 786 1475 929 hmnannrnmqiie
1510 858 1659 931 apud
1695 857 1950 912 Graecos
1983 854 2275 927 principia.

383 1086 563 1179 Quum
589 1110 668 1152 allo
694 1111 789 1151 loco
817 1109 1179 1152 demonstraverim
1195 1112 1260 1161 *),
1298 1117 1409 1161 tum,
1447 1126 1528 1164 qua
1554 1112 1788 1152 universum
1825 1109 1945 1150 animi
1979 1109 2142 1150 humani
2175 1110 2374 1150 culturam

378 1181 610 1239 mentisque
637 1182 929 1226 conscientiam
954 1182 1040 1236 sui,
1081 1183 1227 1226 eadem
1263 1183 1387 1225 etiam
1417 1197 1745 1240 unamquamque
1779 1183 1868 1239 ejus
1904 1183 2109 1225 notionem
2144 1183 2372 1237 procedere

379 1250 532 1313 ‘triplici
558 1256 824 1312 perfectionis
850 1256 937 1309 via,
976 1262 1085 1310 tum,
1124 1243 1381 1313 singulorum
1413 1256 1659 1313 populorum
1691 1255 1916 1313 religiones
1951 1263 1995 1299 et
2019 1256 2202 1300 actiones
2227 1255 2372 1299 iisdem

379 1331 579 1386 distingui
605 1330 738 1373 modis
764 1331 1081 1386 acgeneribus,
1110 1332 1240 1385 signi,
1271 1331 1439 1384 symboli
1467 1336 1513 1372 et
1543 1332 1693 1386 mythis
1727 1330 1808 1374 hoc
1834 1331 1928 1373 loco
1954 1330 2129 1387 primum
2156 1344 2371 1386 exponam,

378 1403 437 1444 ad
458 1405 574 1459 signi
593 1404 796 1445 rationem
822 1418 872 1446 ac
899 1417 1030 1460 genus
1062 1408 1107 1444 et
1129 1402 1319 1452 *omnium
1352 1401 1581 1456 priscorum
1612 1402 1939 1458 incultorumqne
1962 1404 2207 1458 populorum
2235 1409 2278 1444 et
2304 1417 2372 1445 an·

378 1477 643 1532 tiquissorum
670 1478 926 1518 Graecorum
953 1488 1119 1529 quoque
1144 1487 1263 1515 sacra
1287 1474 1509 1515 referenda
1534 1487 1639 1514 esse.
1695 1476 1823 1529 St'gm'
1843 1477 1951 1516 enim
1986 1478 2044 1516 vis
2076 1491 2125 1517 ac
2153 1484 2297 1518 natura
2324 1492 2374 1518 ea

380 1555 444 1605 est
470 1548 525 1590 ad
553 1563 675 1603 quam
701 1547 824 1602 prisci
849 1546 1048 1597 homines,
1077 1559 1252 1602 qnorum
1275 1558 1393 1586 mens
1407 1558 1561 1587 numen
1581 1559 1704 1586 suum
1731 1546 1782 1586 ab
1800 1548 1981 1588 externis
1996 1549 2121 1589 rebus
2136 1549 2372 1591 discernere

378 1623 557 1666 noudum
581 1627 760 1677 poterat,
787 1634 931 1662 sensns
958 1633 1100 1662 omnes
1126 1618 1482 1674 cogitationesque
1515 1632 1609 1661 suas
1642 1619 1866 1670 referrent,
1903 1634 1951 1661 re
1984 1621 2066 1661 ulla
2094 1621 2277 1675 qualibet
2302 1637 2373 1663 ex-

375 1702 495 1739 terna
521 1694 722 1738 contineri
749 1707 819 1736 eas
839 1698 882 1735 et
900 1691 1084 1747 exprimi,
1110 1696 1236 1746 atque
1262 1704 1381 1732 suum
1399 1691 1580 1745 ipsorum
1607 1691 1786 1734 animum
1803 1696 2065 1748 mentemque
2092 1707 2142 1735 ea
2170 1709 2371 1749 apparere

377 1768 663 1810 existimantes.
716 1766 827 1808 Nolo
865 1764 1030 1821 quidem
1066 1764 1107 1808 h.
1140 1763 1167 1805 1.
1195 1777 1276 1819 qua
1301 1761 1563 1818 philosophos
1597 1762 1718 1806 decet
1743 1765 1904 1807 ratione
1930 1764 1984 1806 de
2010 1766 2133 1808 animi
2160 1769 2283 1823 signo
2309 1770 2370 1811 in·

375 1841 600 1898 telligentis
631 1844 777 1881 natura
814 1838 1020 1879 disserere
1045 1837 1112 1887 **)
1146 1850 1283 1891 neque
1320 1835 1376 1877 de
1415 1836 1604 1878 universa
1644 1838 1887 1891 populorum
1923 1840 2044 1893 signo
2085 1841 2368 1895 cogitantium,

375 1913 649 1969 loquentium,
696 1910 929 1967 agentium,
976 1909 1229 1952 humanitate
1263 1909 1505 1965 culturaque
1546 1909 1776 1965 disputare3
1815 1909 1891 1952 sed
1922 1911 2222 1964 tantummodo,
2263 1929 2369 1969 quae

376 1987 501 2043 vulgo
527 1987 692 2028 notiora
715 1986 811 2037 sint,
839 1991 934 2026 ante
960 1983 1101 2025 oculos
1127 1996 1305 2040 ponere:
1330 1996 1449 2025 sacra
1480 1984 1725 2039 populorum
1750 1983 1858 2039 pilis,
1884 1985 2004 2026 metis
2032 1985 2200 2042 aliisque
2225 1987 2370 2043 signis,

376 2075 484 2116 quae
510 2061 692 2117 ipsorum
725 2060 936 2101 numinum
966 2060 1060 2100 loco
1098 2063 1240 2109 erant,
1280 2056 1464 2109 addicta,
1504 2071 1726 2114 omnesque
1755 2059 1929 2113 populos
1966 2060 2294 2115 septentrionalis
2329 2068 2372 2103 et

374 2135 581 2177 orientalis
607 2134 755 2193 plagae
784 2132 836 2174 ad
849 2132 1104 2186 Japonenses
1129 2144 1262 2186 usque
1289 2135 1333 2171 et
1359 2132 1567 2183 Sinenses,
1597 2146 1771 2187 quorum
1796 2132 1977 2187 linguae,
2002 2132 2246 2188 scripturae,
2273 2136 2368 2177 reli.

374 2209 522 2264 gionis,
547 2208 732 2263 privatae
756 2206 1028 2262 publicaeque
1046 2204 1151 2245 vitae
1178 2203 1309 2246 forma
1326 2204 1456 2245 omnis
1483 2218 1535 2245 ex
1559 2204 1667 2260 signi
1693 2206 1733 2246 vi
1752 2211 1794 2246 et
1821 2212 1965 2247 natura
1981 2206 2172 2260 pendeat.
2214 2209 2365 2263 Neque

376 2297 459 2325 non
483 2287 579 2323 sunt
605 2279 951 2324 commemorandi
969 2279 1105 2321 Plato«
1119 2283 1162 2320 et
1178 2277 1420 2320 Aristoteles
1448 2278 1501 2320 de
1527 2276 1604 2320 hac
1630 2279 1900 2321 vetustissima
1925 2286 1969 2320 et
1993 2281 2139 2321 mentis
2165 2281 2366 2324 humanae

376 2363 421 2398 et
457 2355 720 2410 religionum3
741 2354 874 2401 forma
898 2354 1113 2409 loquentes
1138 2350 1247 2403 ***),
1293 2366 1372 2393 nec
1403 2353 1507 2394 ratio
1542 2352 1637 2393 satis
1671 2351 1944 2392 memorabilis
1968 2352 2121 2395 Justini
2146 2354 2172 2396 l.
2206 2355 2390 2408 XXII...

375 2442 537 2471 omnem
564 2428 771 2483 antiquam
795 2421 1043 2482 religionem
1068 2424 1271 2467 hastarum
1299 2426 1424 2466 fuisse
1458 2425 1649 2467 dicentis:
1692 2438 1936 2480 quamquam
1960 2425 2024 2467 his
2051 2427 2196 2469 mentis
2223 2428 2365 2470 hnma-

375 2515 454 2544 nae
492 2500 577 2556 jam
617 2502 812 2556 vinage‘nes
846 2500 1024 2542 numinis
1064 2498 1242 2541 universi
1279 2497 1543 2552 concipientis
1584 2497 1717 2539 forma
1751 2498 1975 2553 significari
2012 2499 2189 2543 videtur.
2257 2502 2365 2544 Nam

558 2634 591 2673 ⁸)
613 2631 884 2665 wis-enachum.
905 2630 1148 2664 Alterthum-k.
1170 2630 1201 2664 1.
1225 2631 1259 2665 1·
1279 2630 1368 2663 XIX.
1390 2640 1461 2672 sqq.

557 2686 608 2727 ⁸⁸)
632 2685 718 2718 eum
736 2685 877 2728 negem
893 2689 934 2718 *et
946 2684 1189 2718 Roneukmzii
1197 2682 1668 2725 eonferendumositiones
1685 2683 1811 2717 Doubii
1830 2683 1865 2716 in
1879 2684 2077 2727 Anthropol.
2103 2688 2133 2720 1.
2155 2686 2191 2720 S.
2207 2687 2271 2721 240
2290 2698 2361 2729 sqq.

375 2737 469 2780 „ns-
492 2737 640 2772 Zee'clten
659 2737 706 2770 ist
727 2737 848 2780 irgend
864 2737 943 2771 ,eine
962 2738 1203 2777 nnmittelbnre
1224 2730 1466 2779 Ansehnuunsg,
1493 2737 1580 2769 aber
1607 2736 1662 2770 die
1689 2737 1764 2770 eine
1786 2737 2005 2780 Vorstellnng
2030 2750 2096 2771 von
2118 2750 2204 2782 ganz
2227 2740 2291 2772 and
2312 2751 2362 2772 rm

373 2791 488 2824 lnhalt
508 2792 673 2831 vor-tent,
695 2791 745 2823 als
767 2789 817 2823 sie
833 2790 893 2822 fuir
914 2791 991 2823 sich
1012 2791 1090 2830 hat3
1110 2808 1154 2815 —
1172 2790 1227 2822 die
1241 2788 1433 2831 Pyramide,
1455 2788 1492 2821 in
1510 2789 1642 2822 welche
1663 2790 1737 2822 eine
1758 2789 1887 2822 rremne
1901 2790 2003 2823 Seele
2016 2796 2163 2824 versetzt
2177 2785 2361 2824 wird”'eto.

374 2844 489 2888 Regel
509 2842 649 2885 Eneyel.
672 2845 704 2884 s.
726 2843 801 2877 3⁴79.

559 2894 624 2937 “⁸)
650 2896 768 2936 Stuhr,
790 2895 1050 2938 Religionssyst.
1074 2895 1117 2927 11.
1141 2894 1178 2928 S.
1200 2894 1255 2928 19.
2119 2939 2138 2970 ¹
2153 2935 2178 2962 ⁸
