2711 3352
1322 242 1681 292 -20-

509 374 564 414 nil
591 372 802 413 imminuta
829 377 991 426 poteste
1017 372 1195 424 antiqua,
1226 377 1268 412 et
1293 371 1500 413 homiuum
1528 371 1717 425 publicae
1742 372 2003 426 privataeque
2030 372 2136 412 vitae
2162 373 2387 415 actionibus
2421 373 2492 414 ad-

501 445 694 501 jutricem
722 459 827 495 esse,
855 443 1060 483 maritimis
1091 456 1182 484 cum
1208 444 1419 498 Neptuno,
1445 445 1605 486 rusticis
1633 459 1725 486 cum
1750 444 1973 495 Mercurio,
2011 445 2243 499 pariterque
2276 445 2490 499 κουροτρό-

508 532 596 566 φον.
654 519 787 565 Quem
812 517 968 566 locum,
1004 529 1106 569 quo,
1146 530 1267 571 quam
1294 523 1389 571 apte
1414 524 1610 571 recteque
1639 518 1774 558 omnia
1801 517 1912 557 dicta
1936 518 2030 567 sint,
2058 516 2328 571 disputatione
2352 525 2492 561 nostra

506 596 692 644 apparet,
719 603 844 644 quum
870 602 951 628 non
979 588 1029 628 ab
1057 589 1247 631 Hesiodo
1276 596 1442 631 auctore
1469 589 1543 630 sed
1567 605 1590 630 a
1608 590 1925 639 recentioribus,
1959 591 2131 630 fortasse
2158 590 2207 629 ab
2227 590 2491 631 Onomacrito

504 664 735 714 profectum
763 675 852 700 esse
879 661 994 700 multi
1022 661 1157 700 stultis
1186 661 1435 715 argumentis
1464 658 1745 703 demonstrare
1774 663 1908 704 conati
1935 662 2031 705 sint:
2066 677 2146 704 non
2175 668 2236 703 est
2263 661 2371 716 quod
2399 676 2491 702 eum

505 734 573 775 hic
601 735 650 775 ab
678 733 915 773 adversariis
944 729 1181 776 defendam:
1227 748 1319 774 nam
1348 740 1389 774 et
1416 735 1467 774 ab
1496 735 1583 775 aliis
1616 734 1695 775 hoc
1722 735 1808 790 jam
1847 736 1998 776 sactum
2032 740 2115 785 est,
2158 740 2201 776 et
2234 734 2330 775 nihil
2363 733 2491 775 refert

507 812 639 847 utrum
666 805 840 847 Hesiodi
868 822 919 848 an
947 807 1200 848 Onomacriti
1228 813 1364 848 aetate
1392 822 1457 857 ea,
1494 822 1597 862 quae
1624 822 1778 849 summa
1805 809 2044 863 antiquitate
2071 821 2189 848 sensa
2216 822 2307 850 esse
2325 807 2489 850 demon-

504 880 731 931 stravimus,
760 879 838 921 hoc
855 879 978 921 modo
999 879 1181 934 exposita
1207 879 1367 922 credas.
1421 881 1547 921 Modo
1573 882 1653 922 hoc
1679 881 1801 932 addo,
1828 881 2006 923 Hesiodi
2034 881 2162 922 altera
2195 881 2238 920 in
2263 882 2395 935 patria
2422 895 2489 923 va-

502 961 587 998 tum
615 967 748 1007 genus
777 954 1000 1007 antiquum,
1029 954 1094 994 cui
1121 953 1225 994 haec
1243 952 1438 1007 dogmata
1457 961 1572 995 erant
1589 955 1845 1009 pervulgata,
1873 954 1995 995 sedes
2018 953 2221 1003 habuisse,
2249 959 2351 1004 tum,
2379 953 2490 1008 quod

501 1026 636 1065 verbis
673 1026 740 1065 καὶ
773 1023 845 1077 γὰρ
880 1029 947 1065 νῦν
987 1021 1054 1065 ὅτε
1086 1029 1163 1066 ποῦ
1199 1040 1257 1073 τις
1290 1025 1514 1079 ἐπιχθονίων
1554 1025 1771 1081 ἀνθρώπων
1803 1023 1927 1079 ’ἔρδων
1963 1021 2045 1077 ἱερὰ
2086 1021 2191 1066 καλὰ
2227 1023 2329 1065 κατὰ
2368 1024 2488 1076 νόμον

500 1097 725 1150 ἱλάσκηται,
766 1098 962 1150 κικλήσκει
985 1097 1156 1150 Ἑκάτην
1176 1129 1186 1138 .
1212 1128 1222 1137 .
1244 1128 1254 1137 .
1282 1101 1436 1153 pariter
1471 1106 1594 1154 atque
1628 1100 1709 1140 illis
1742 1099 1810 1140 καὶ
1841 1103 1922 1146 τοῖς
1954 1096 1994 1138 οἱ
2027 1091 2197 1151 γλαυκὴν
2226 1098 2489 1150 δυσπέμφελον

500 1168 739 1222 ἐργάζονται,
768 1168 942 1223 εὔχονται
957 1169 1148 1225 δ’(Εκάτῃ
1164 1171 1231 1211 καὶ
1252 1169 1709 1224 ἐρικτύπῳἘννοσιγαίῳ
1728 1203 1738 1212 .
1760 1202 1769 1212 .
1792 1203 1799 1212 .
1823 1202 1833 1212 .
1863 1171 2120 1212 Cabiriacam
2139 1171 2379 1222 doctrinam,
2408 1185 2489 1226 qua

498 1244 743 1298 placandum
772 1250 858 1284 erat
885 1244 927 1284 id
956 1258 1105 1285 numen
1132 1251 1176 1285 et
1200 1244 1373 1284 maxime
1402 1245 1566 1298 quidem
1592 1246 1692 1286 mari
1719 1245 1915 1294 cursuris,
1944 1244 2153 1296 cognosci,
2179 1244 2222 1283 in
2247 1244 2326 1284 illis
2353 1250 2488 1284 autem

499 1316 551 1356 de
578 1316 780 1357 Mercurio
810 1331 845 1355 v.
875 1322 954 1358 444
981 1331 1043 1370 sq.
1071 1316 1268 1369 pelasgici
1295 1316 1488 1356 Mercurii
1513 1320 1783 1369 potestatem,
1826 1320 1868 1356 et
1894 1313 1972 1355 illis
2000 1313 2067 1353 καὶ
2093 1311 2323 1367 μουνογενὴς
2350 1313 2393 1355 ἐκ
2417 1331 2489 1367 μη-

497 1386 590 1440 τρὸς
616 1388 735 1430 ἐοῦσα
765 1389 972 1441 0rphicam
1001 1389 1226 1428 doctrinam
1245 1391 1299 1437 *),
1329 1394 1369 1427 et
1395 1389 1472 1427 illis
1492 1389 1637 1443 quibus
1654 1389 1810 1429 Persae
1838 1392 1881 1429 ct
1907 1386 2092 1429 Asteriae
2118 1386 2200 1429 filia
2225 1388 2390 1429 Hecate
2416 1404 2488 1429 no-

498 1463 690 1510 minatur,
731 1476 779 1501 ea
806 1462 927 1502 Asiae
956 1462 1219 1501 occidentalis
1246 1468 1289 1500 et
1314 1461 1638 1511 septentrionalis
1664 1461 1836 1511 placita,
1869 1465 2062 1510 mentem,
2091 1473 2172 1500 non
2197 1466 2395 1511 naturam,
2421 1476 2487 1501 re-

496 1548 587 1574 rum
605 1546 754 1573 numen
773 1530 946 1571 divinam
966 1531 1195 1585 probantia,
1225 1544 1331 1584 quae
1357 1530 1472 1569 initio
1501 1529 1773 1579 tractavimus,
1801 1530 2009 1582 cognosci.
2063 1530 2154 1571 Vim
2181 1535 2331 1582 autem,
2360 1539 2405 1573 ut
2430 1534 2488 1573 ita

499 1607 646 1655 dicam,
675 1604 950 1657 magneticam
979 1617 1027 1642 ac
1054 1602 1321 1656 spiritualem,
1350 1615 1430 1641 non
1459 1607 1593 1641 autem
1623 1614 1711 1641 eam
1740 1615 1859 1655 quam
1884 1602 2072 1655 proprius
2100 1609 2243 1644 vocant
2268 1606 2485 1658 magicam,

498 1679 575 1718 dea
604 1678 852 1718 adtributam
879 1676 1014 1714 habet.
1071 1675 1200 1713 Teste
1227 1674 1401 1712 Pausan.
1426 1673 1460 1712 Ι.
1480 1677 1545 1714 43.
1566 1672 1673 1712 idem
1692 1672 1903 1713 Hesiodus
1921 1673 2015 1714 alibi
2032 1674 2205 1727 scripsit,
2231 1676 2486 1731 Iphigeniam

498 1750 663 1790 numine
680 1749 839 1789 Dianae
858 1748 1050 1787 Hecaten
1069 1747 1216 1786 tactam
1235 1759 1340 1795 esse,
1371 1758 1462 1784 cum
1488 1745 1613 1785 ceteri
1632 1745 1805 1785 Dianam
1831 1745 1996 1787 Hecate
2024 1752 2204 1787 exortam
2232 1748 2483 1802 praedicent.

683 1822 733 1861 In
760 1821 909 1873 hymno
936 1819 1162 1859 Homerico
1190 1818 1232 1857 in
1261 1818 1457 1857 Cererem
1484 1832 1589 1872 quae
1616 1816 1668 1859 de
1695 1818 1857 1860 Hecate
1883 1832 1919 1859 v.
1948 1823 2001 1862 22
2028 1833 2137 1873 sqq„
2180 1834 2215 1860 v.
2251 1824 2303 1863 52
2337 1828 2380 1861 et
2405 1827 2485 1865 438

499 1895 711 1948 leguntur,
754 1893 905 1945 quibus·
937 1892 1057 1931 deam
1086 1892 1334 1930 notissimam
1364 1897 1406 1930 et
1433 1890 1790 1931 celebratissimam
1818 1904 1922 1944 quae
1949 1890 2085 1930 videat
2110 1906 2202 1931 cum
2227 1892 2324 1933 Sole
2350 1896 2484 1937 omnia

498 1973 622 2022 atque
641 1966 793 2017 audiat,
816 1965 975 2016 Cereri,
1001 1964 1064 2006 cui
1085 1964 1203 2005 etiam
1223 1964 1302 2004 iter
1321 1962 1373 2004 ad
1388 1963 1526 2004 Solem
1542 1963 1773 2017 praeiverit,
1803 1970 1846 2004 et
1862 1964 2137 2018 Proserpinae
2154 1965 2335 2015 amicam,
2359 1969 2483 2006 comi-

499 2047 583 2080 tem
613 2045 654 2080 et
679 2038 978 2092 propemodum
1004 2038 1192 2086 famulam
1220 2037 1367 2076 factam
1394 2050 1485 2075 esse
1511 2042 1712 2087 narratur,
1740 2036 1827 2090 pari
1853 2035 1975 2077 modo
2010 2036 2051 2077 in
2089 2035 2380 2076 dubitationem
2414 2053 2483 2077 vo-

499 2121 592 2153 cata
618 2118 721 2151 sunt.
779 2113 873 2155 Quo
901 2110 992 2149 loco
1021 2109 1202 2148 videmus
1229 2110 1420 2147 Hecaten
1445 2120 1573 2162 prope
1601 2120 1703 2149 nova
1729 2111 1772 2149 et
1796 2122 1961 2163 prorsus
1994 2107 2109 2163 epica
2141 2108 2271 2151 forma
2301 2108 2481 2152 indutam

502 2192 544 2226 et
569 2185 695 2238 longe
723 2185 876 2239 majore
903 2197 1115 2222 munerum
1143 2188 1259 2233 parte
1287 2186 1460 2220 exutam.
1518 2180 1640 2224 Quod
1675 2179 1771 2219 ideo
1804 2180 1953 2221 factum
1981 2187 2065 2231 est,
2103 2193 2183 2234 quo
2209 2180 2409 2222 Demeter
2439 2190 2482 2224 et

499 2257 763 2310 Proserpina,
793 2269 896 2309 qnae
925 2268 1018 2293 cum
1044 2253 1195 2302 Furiis,
1217 2253 1303 2307 jam
1330 2267 1392 2305 ap.
1412 2251 1658 2305 Aeschylum
1682 2252 1897 2303 chtlaeonz’is,
1925 2252 2023 2293 nihil
2051 2252 2161 2293 aliud
2179 2266 2299 2306 quam
2319 2255 2480 2295 Hecate

499 2335 607 2377 sunt,
635 2328 857 2368 honoribus
885 2333 928 2366 et
955 2325 1192 2365 muneribus
1219 2328 1441 2378 augeretur
1454 2323 1538 2377 **).

686 2401 745 2440 Ut
772 2413 821 2438 ex
849 2399 1007 2438 familiis
1036 2398 1187 2447 civitas,
1214 2397 1273 2437 sic
1299 2395 1470 2437 civitatis
1490 2396 1628 2452 jurum
1646 2397 1885 2451 legumque,
1912 2397 2057 2450 quibus
2079 2397 2283 2452 sangvinis
2302 2412 2350 2440 ac
2367 2398 2478 2440 fami-

501 2472 581 2511 liae
598 2471 696 2525 jura
723 2475 817 2511 sunt
835 2470 1007 2519 sublata,
1034 2470 1180 2510 vindex
1198 2476 1240 2510 et
1258 2475 1400 2510 auctor
1418 2469 1573 2510 exstitit
1591 2470 1735 2523 Apollo
1754 2482 1802 2511 ex
1820 2469 1955 2524 prisco
1972 2470 2149 2511 Hecato.
2199 2472 2281 2517 Qui
2300 2487 2378 2513 non
2390 2473 2478 2526 jam

501 2549 685 2584 naturam
703 2551 749 2585 ut
760 2543 1033 2584 Dodonaeum
1051 2557 1213 2593 numen,
1239 2543 1315 2583 sed
1334 2548 1512 2582 mentem
1528 2543 1629 2583 recti
1648 2547 1690 2582 et
1709 2543 1791 2583 veri
1807 2542 1982 2584 indicem
1998 2542 2096 2584 fecit
2111 2542 2284 2598 populis,
2303 2542 2346 2585 in
2358 2542 2479 2586 Delia

503 2622 548 2656 et
563 2616 734 2657 maxime
752 2617 793 2657 in
810 2614 1014 2669 Delphica
1031 2614 1131 2655 sede
1142 2617 1238 2664 ***).
1292 2616 1413 2658 Tunc
1428 2620 1575 2670 poetae
1593 2616 1709 2671 lyrici
1729 2622 1772 2657 et
1788 2617 1933 2671 tragici
1949 2631 2081 2658 raram
2098 2616 2326 2659 inferebant
2342 2619 2478 2660 Heca-

685 2745 716 2782 ‘)
740 2743 933 2775 Mercurius
955 2751 1044 2774 unus
1069 2741 1169 2773 Coelo
1189 2745 1303 2781 patre,
1325 2741 1397 2773 Dia
1416 2746 1525 2773 matre
1545 2746 1648 2773 natue
1671 2744 1734 2773 cet.
1759 2741 1828 2773 Cic.
1843 2742 1891 2775 N.
1905 2742 1947 2773 l).
1962 2741 2023 2774 111.
2037 2742 2091 2776 22.
2107 2742 2149 2774 cf.
2165 2742 2280 2774 Oreuz.
2304 2741 2474 2778 adnotata.

686 2797 735 2834 ‘⁸)
764 2794 858 2826 Voss.
882 2795 923 2825 ad
944 2795 1009 2826 loc.
1032 2794 1159 2835 Hymn.
1184 2797 1217 2824 et
1239 2793 1273 2823 in
1296 2793 1424 2833 epistol.
1447 2795 1636 2835 mytholog.
1659 2794 1721 2825 111.
1771 2794 1921 2831 Preller,
1952 2794 2083 2825 Demet.
2111 2803 2143 2825 u.
2171 2792 2329 2834 Pei-seph.
2358 2795 2393 2828 S.
2421 2797 2474 2829 54,

685 2847 746 2887 ···)
768 2846 808 2878 ln
830 2845 1007 2877 Thessalia
1027 2845 1117 2878 idem
1140 2849 1173 2877 et
1196 2844 1346 2885 expiator
1367 2847 1400 2878 et
1420 2846 1567 2878 salvator
1589 2848 1622 2878 et
1643 2844 1761 2878 mortis
1782 2845 1905 2878 victor:
1930 2845 2036 2879 διιὼν
2052 2844 2073 2876 Ι.
2088 2843 2110 2877 1.
2126 2854 2157 2885 p.
2174 2845 2252 2878 2152
2274 2846 2329 2879 ein
2349 2847 2473 2891 geiste·-

504 2910 568 2942 ger
590 2897 914 2932 Todeefiberwn'nder
935 2901 998 2929 cet.
