2711 3352
1194 239 1514 294 ...5-

353 389 452 420 ‚eam
479 375 695 430 complecti
724 355 973 423 viderentur,
996 374 1151 415 factum
1173 378 1237 415 est
1262 380 1308 415 ut
1325 373 1584 416 sacerdotum
1608 389 1756 429 genus,
1785 374 1896 429 quod
1915 373 2211 418 schamanicum
2230 389 2348 418 voca-

357 455 439 500 tur,
467 448 693 492 exsisteret.
750 449 832 495 Qui
859 448 1033 502 primum
1062 462 1137 501 per
1168 462 1214 489 se
1240 448 1339 502 ipsi,
1379 447 1530 489 deiude
1563 462 1699 489 rerum
1737 449 2018 489 nonnullarum
2056 449 2235 490 subsidio
2268 449 2348 491 vim

356 523 437 577 ipsi
475 538 660 565 arcanam
693 520 894 575 quandam
928 522 1174 561 exercebant
1206 522 1249 561 in
1282 522 1466 561 homines
1501 528 1544 561 et
1578 522 1620 561 in
1655 537 1791 562 rerum
1826 529 2023 562 naturam.
2087 523 2223 567 Quam
2250 523 2343 571 vim,

352 594 472 650 enjus
498 596 555 636 illi
583 594 801 647 participes
830 593 1085 644 videbantur,
1113 608 1186 634 seu
1204 595 1419 647 magicam,
1447 608 1520 634 scu
1542 593 1832 644 daemonicam,
1859 610 1931 635 seu
1950 594 2242 648 magneticam,
2270 608 2342 635 seu

355 667 690 723 sympatbeticam
715 665 854 708 dicere
880 666 1000 717 licet,
1041 681 1122 708 nou
1148 681 1224 721 per
1256 660 1446 708 homines*
1467 667 1596 717 solos,
1627 667 1716 711 ..sed
1743 682 1819 721 per
1844 668 2004 709 coelum
2031 674 2075 709 et
2100 673 2253 708 terram
2280 672 2343 708 to-

354 749 519 795 tamque
545 745 733 780 naturam
758 740 953 780 intentam
983 745 1025 780 et
1042 738 1101 780 >ab
1130 740 1276 780 amoris
1305 753 1385 780 non
1411 746 1638 794 separatam
1666 754 1774 789 esse,
1804 740 2031 794 eademque
2064 740 2201 780 omnia
2235 753 2342 794 quae

352 818 446 854 sunt
473 812 689 862 contineri,
717 812 860 866 priscis
886 812 1136 862 hominibus,
1171 814 1258 853 acri
1285 826 1406 854 semu
1439 827 1574 854 rerum
1603 813 1706 853 vires
1734 814 1993 867 rationesque
2020 812 2342 866 percipientibus

350 884 454 928 adeo
482 887 681 941 apparuit,
709 892 755 926 ut
780 889 937 939 postea,
966 900 1072 940 quae
1099 885 1215 927 initio
1242 886 1331 927 sine
1358 887 1519 929 nomine
1539 893 1642 937 erat,
1670 901 1759 928 eam
1778 887 1962 940 pluribus
1981 886 2211 927 nominibus
2229 885 2339 940 apel·

348 958 523 1010 landam,
550 959 603 999 ad
632 972 721 999 eam
748 957 790 998 id
818 972 953 999 rerum
979 959 1237 1013 principium,
1266 959 1375 1014 quod
1402 960 1560 1000 sedium
1588 973 1751 1001 suarum
1781 961 1896 1000 coelo
1925 966 1968 1000 et
1983 965 2156 1009 natura,
2196 965 2244 1000 ut
2269 972 2336 999 su·

349 1046 422 1086 pra
448 1031 543 1082 dixi,
570 1032 821 1086 potissimum
848 1038 942 1072 ante
970 1032 1110 1072 oculos
1126 1034 1387 1086 proponitur,
1422 1037 1531 1083 acra,
1560 1040 1681 1083 astra,
1709 1039 1875 1084 terram,
1903 1047 2062 1088 aquam,
2090 1032 2231 1086 ignem
2255 1039 2334 1073 cet.

348 1104 622 1156 referendum,
650 1119 820 1159 eamque
848 1106 1112 1147 caeremoniis
1138 1105 1214 1146 sibi
1242 1106 1533 1147 conciliandam
1554 1112 1762 1160 putarent.

529 1178 588 1219 Et
613 1191 757 1219 revera
784 1191 871 1217 eam
901 1192 992 1218 esse
1020 1177 1166 1218 mentis
1194 1191 1290 1218 vere
1317 1177 1477 1218 divinae
1496 1186 1770 1233 aeternaeque
1797 1180 1892 1228 vim,
1922 1192 2002 1232 qua
2022 1192 2070 1218 ea
2097 1183 2141 1218 et
2157 1184 2335 1219 mentem

345 1249 556 1291 humanam
584 1256 627 1291 et
653 1256 821 1290 naturae
847 1252 1021 1291 animum
1052 1250 1168 1304 quasi
1197 1251 1557 1304 consangvinitatis
1586 1252 1745 1293 vinculo
1775 1258 1940 1293 aeterno
1967 1252 2044 1292 sibi
2071 1251 2334 1306 conjunctum

345 1336 651 1377 connexumque
678 1321 862 1373 haberet,
891 1322 981 1377 quis
1009 1328 1072 1364 est
1099 1321 1197 1377 quin
1223 1322 1300 1364 sibi
1326 1322 1604 1377 persuaserit?

529 1395 647 1442 Quae
674 1394 733 1435 vis
761 1394 909 1446 divina,
937 1408 1028 1436 cum
1052 1393 1146 1450 vejus
1173 1393 1394 1449 imaginem
1421 1401 1559 1437 mente
1586 1398 1864 1451 conciperent,
1891 1410 2067 1453 eamque
2095 1396 2257 1438 vitalem
2284 1410 2333 1439 ac

343 1469 471 1509 omnis
498 1470 605 1508 vitae
631 1470 786 1507 fontem
804 1465 1126 1519 cognoscerent,
1155 1482 1235 1506 non
1264 1475 1343 1505 tam
1370 1470 1551 1506 masculo
1578 1471 1750 1517 numini,
1788 1484 1931 1521 quam,
1965 1484 2056 1508 cum
2084 1472 2333 1511 foemineum

340 1555 478 1582 sexum
507 1541 594 1595 ejus
621 1542 802 1592 inprimis
819 1538 1059 1592 participem
1077 1543 1390 1592 compotemque
1408 1539 1622 1589 sentirent,
1649 1540 1853 1580 foemineo
1876 1543 2030 1581 numini
2055 1542 2332 1585 adtribuenda

341 1614 424 1656 visa
449 1618 533 1665 est;
562 1618 684 1668 atque
711 1610 899 1667 quoniam
927 1609 980 1651 de
997 1610 1163 1653 Hecate
1190 1624 1284 1653 mox
1310 1611 1426 1667 plura
1454 1610 1783 1667 disputabuntur,
1811 1612 1851 1654 12.
1879 1613 1904 1654 l.
1932 1612 2031 1654 illud
2058 1614 2186 1656 affero
2215 1614 2329 1670 quod

340 1688 428 1744 ejus
454 1691 639 1728 naturam
666 1691 833 1740 putatur
858 1685 1015 1726 referre
1042 1683 1148 1738 apud
1175 1684 1365 1724 Irokeses
1392 1684 1470 1724 dea
1496 1686 1757 1736 Atahentsik‚
1794 1685 1902 1740 apud
1931 1687 2145 1741 Virginiae
2171 1688 2328 1730 incolas

340 1762 522 1811 Kiwasa;
550 1760 658 1813 apud
685 1759 809 1799 Indos
826 1759 1006 1801 Bhavani
1034 1762 1076 1797 et
1103 1757 1301 1807 Parivass,
1330 1756 1589 1812 quodamodo
1614 1759 1734 1799 etiam
1755 1760 1823 1799 Sri
1850 1766 1892 1799 et
1909 1759 2119 1811 Lakshmi,
2148 1762 2326 1804 maxime

338 1843 474 1876 autem
501 1834 611 1883 Kali,
640 1833 748 1887 apud
776 1833 1003 1886 Aegyptios
1030 1831 1288 1881 Tithrambo,
1314 1830 1529 1886 Nephthys
1561 1845 1634 1871 seu
1668 1832 1796 1873 Athor
1813 1833 1878 1882 *),
1919 1839 1962 1873 et
1995 1840 2042 1874 ut
2076 1841 2234 1876 taceam
2268 1835 2324 1877 de

338 1911 638 1951 Germanorum
649 1906 767 1947 simili
783 1906 913 1947 forma
925 1904 1073 1956 divina,
1093 1905 1221 1956 Hehl,
1240 1904 1348 1958 apud
1364 1904 1513 1947 Persas
1531 1920 1604 1947 seu
1622 1905 1758 1959 potius
1772 1905 1984 1946 Armenios
1998 1908 2194 1958 malinis,
2213 1908 2323 1962 apud

336 1980 609 2037 Cappadoces
636 1979 716 2021 dea
742 1979 964 2021 Gemanica
989 1984 1068 2021 cet.
1122 1979 1301 2021 Mose-uli
1322 1978 1493 2019 numinis
1520 1978 1678 2033 species
1697 1979 1929 2019 Swantewit
1955 1979 2063 2032 apud
2088 1980 2322 2023 Venedicae

334 2055 468 2108 stirpis
505 2054 677 2107 populos
710 2067 851 2107 parem
883 2052 1008 2093 habet
1046 2051 1370 2102 similitudinem,
1415 2066 1537 2106 quam
1572 2052 1804 2105 androgyni
1836 2052 1965 2092 forma
1998 2054 2171 2093 Mithrae
2210 2055 2322 2107 apud

335 2128 505 2177 Persas,
547 2128 614 2180 qui
643 2128 897 2169 Graecorum
923 2125 1151 2180 priscorum
1186 2125 1303 2166 simul
1339 2132 1382 2166 et
1413 2121 1565 2178 (Ερμῆς
1603 2122 1826 2175 (Χθόνιος)
1857 2132 1901 2166 et
1922 2122 2096 2178 <Εκοίτη,
2137 2134 2185 2169 ut
2215 2128 2321 2169 infra

334 2198 687 2243 demonstrabitur.

518 2273 671 2314 Verum
697 2271 801 2314 haec
826 2272 914 2329 ejus
940 2271 1112 2325 numinis
1131 2271 1260 2313 forma
1279 2270 1368 2328 jam
1393 2272 1655 2326 imaginantis
1680 2277 1744 2313 est
1761 2272 1920 2312 mentis.
1973 2272 2163 2327 Namque
2191 2273 2315 2330 etiam

332 2348 440 2403 apud
466 2350 650 2389 Graecos
675 2346 781 2388 hanc
807 2346 963 2398 ideam,
1003 2338 1202 2387 humanae
1228 2346 1560 2396 menti.insitam‚
1600 2353 1684 2387 tres
1716 2346 1830 2399 quasi
1863 2351 2019 2385 aetates
2048 2359 2315 2400 progressam

333 2437 437 2473 esse,
464 2421 588 2477 signi,
614 2420 787 2477 symboli
820 2426 862 2462 et
894 2419 1044 2477 mytbi,
1086 2420 1137 2462 ab
1168 2418 1267 2474 ipsis
1304 2420 1469 2475 graecis
1504 2419 1769 2473 scriptoribus
1795 2418 2068 2474 significatum
2093 2421 2311 2475 reperitur.

332 2498 451 2551 Signi
480 2501 613 2537 autem
640 2509 729 2536 eam
757 2501 933 2546 aetatem
960 2494 1077 2545 dico,
1118 2508 1200 2549 qua
1236 2508 1313 2535 nec
1348 2508 1494 2535 nomen
1529 2507 1606 2534 nec
1640 2493 1771 2534 forma
1803 2492 1970 2534 definita
1996 2493 2172 2535 numinis
2200 2494 2313 2549 quod

330 2571 512 2612 sensibus
524 2573 678 2610 tantum
691 2569 1007 2623 percipiebatur,
1022 2567 1217 2618 exstabat,
1234 2581 1394 2623 quaque
1407 2570 1539 2608 aetate
1553 2565 1624 2620 qui
1636 2566 1744 2607 illam
1758 2580 1944 2607 arcanam
1957 2580 2005 2608 ac
2019 2573 2218 2608 remotam
2231 2568 2312 2609 vim

329 2645 367 2683 in
387 2649 531 2684 natura
547 2656 684 2683 rerum
701 2642 835 2683 inesse
853 2641 1100 2693 divinabant,
1119 2641 1172 2682 ad
1189 2655 1317 2696 seque
1333 2641 1499 2695 propius
1515 2640 1723 2695 pertinere
1740 2641 1980 2688 sentiebant,
2005 2642 2032 2680 ii
2051 2642 2310 2682 sacerdotum

329 2723 369 2758 et
395 2717 633 2770 regulorum
669 2715 885 2771 dignitate
907 2721 951 2758 et
986 2716 1230 2758 auctoritate
1261 2714 1507 2770 gaudebant.
1567 2714 1660 2762 Qua
1698 2719 1832 2756 aetate
1869 2712 1979 2769 apud
2014 2721 2162 2769 gentes
2196 2722 2308 2757 trans

483 2874 540 2960 ι’)
565 2875 685 2960 δὲυῆν,
708 2875 845 2918 System
866 2874 926 2909 der
945 2874 1084 2918 Religg.
1112 2875 1155 2908 11.
1178 2874 1213 2908 S.
1241 2875 1280 2908 31
1311 2885 1385 2916 sqq.
1434 2873 1613 2916 Buttmun,
1641 2873 1693 2908 De
1715 2874 1822 2907 Dione
1850 2874 1882 2906 in
1905 2874 2051 2917 Mythoi.
2076 2877 2105 2907 1.
2127 2874 2180 2908 22.
2206 2877 2239 2906 et
2259 2875 2303 2908 ad

324 2927 462 2960 maian.
517 2937 565 2959 xc.
611 2951 619 2960 .
