<?xml version="1.0" encoding="UTF-8"?>
<!DOCTYPE html PUBLIC "-//W3C//DTD XHTML 1.0 Transitional//EN"
    "http://www.w3.org/TR/xhtml1/DTD/xhtml1-transitional.dtd">
<html xmlns="http://www.w3.org/1999/xhtml" xml:lang="en" lang="en">
 <head>
  <title>
</title>
<meta http-equiv="Content-Type" content="text/html;charset=utf-8" />
  <meta name='ocr-system' content='tesseract 3.04.00' />
  <meta name='ocr-capabilities' content='ocr_page ocr_carea ocr_par ocr_line ocrx_word'/>
</head>
<body>
  <div class='ocr_page' id='page_1' title='image "4769627_0020.png"; bbox 0 0 2711 3352; ppageno 0'>
   <div class='ocr_carea' id='block_1_1' title="bbox 1256 235 1603 289">
    <p class='ocr_par' dir='ltr' id='par_1_1' title="bbox 1256 235 1603 289">
     <span class='ocr_line' id='line_1_1' title="bbox 1256 235 1603 289; baseline -0.003 -18"><span class='ocrx_word' id='word_1_1' title='bbox 1256 235 1603 289; x_wconf 66' lang='grc' dir='ltr'>-η-</span> 
     </span>
    </p>
   </div>
   <div class='ocr_carea' id='block_1_2' title="bbox 427 367 2427 1438">
    <p class='ocr_par' dir='ltr' id='par_1_2' title="bbox 427 367 2427 1153">
     <span class='ocr_line' id='line_1_2' title="bbox 438 367 2426 425; baseline 0.001 -12"><span class='ocrx_word' id='word_1_2' title='bbox 438 369 575 413; x_wconf 84' lang='lat' dir='ltr'>differt</span> <span class='ocrx_word' id='word_1_3' title='bbox 601 368 678 410; x_wconf 89' lang='lat' dir='ltr'>nisi</span> <span class='ocrx_word' id='word_1_4' title='bbox 705 368 818 425; x_wconf 88' lang='lat' dir='ltr'>quod</span> <span class='ocrx_word' id='word_1_5' title='bbox 841 370 1008 425; x_wconf 73' lang='lat' dir='ltr'>potiens</span> <span class='ocrx_word' id='word_1_6' title='bbox 1034 367 1132 410; x_wconf 78' lang='lat' dir='ltr'>deus</span> <span class='ocrx_word' id='word_1_7' title='bbox 1158 372 1222 410; x_wconf 85' lang='lat' dir='ltr'>est</span> <span class='ocrx_word' id='word_1_8' title='bbox 1248 368 1275 412; x_wconf 86' lang='lat' dir='ltr'>i.</span> <span class='ocrx_word' id='word_1_9' title='bbox 1297 383 1334 412; x_wconf 91' lang='lat' dir='ltr'>e.</span> <span class='ocrx_word' id='word_1_10' title='bbox 1362 369 1501 424; x_wconf 79' lang='lat' dir='ltr'>imago</span> <span class='ocrx_word' id='word_1_11' title='bbox 1525 382 1663 411; x_wconf 83' lang='lat' dir='ltr'>rerum</span> <span class='ocrx_word' id='word_1_12' title='bbox 1686 369 2210 414; x_wconf 71' lang='lat' dir='ltr'>naturae&#39;vicissitudhibus</span> <span class='ocrx_word' id='word_1_13' title='bbox 2228 372 2426 414; x_wconf 65' lang='lat' dir='ltr'>obnoxiae</span> 
     </span>
     <span class='ocr_line' id='line_1_3' title="bbox 436 441 2426 497; baseline 0.003 -17"><span class='ocrx_word' id='word_1_14' title='bbox 436 456 554 496; x_wconf 81' lang='lat' dir='ltr'>quam</span> <span class='ocrx_word' id='word_1_15' title='bbox 582 443 756 484; x_wconf 84' lang='lat' dir='ltr'>maxime</span> <span class='ocrx_word' id='word_1_16' title='bbox 782 443 904 482; x_wconf 84' lang='lat' dir='ltr'>Asiae</span> <span class='ocrx_word' id='word_1_17' title='bbox 930 441 1095 482; x_wconf 89' lang='lat' dir='ltr'>minoris</span> <span class='ocrx_word' id='word_1_18' title='bbox 1122 441 1263 496; x_wconf 87' lang='lat' dir='ltr'>populi</span> <span class='ocrx_word' id='word_1_19' title='bbox 1290 454 1382 484; x_wconf 90' lang='lat' dir='ltr'>cum</span> <span class='ocrx_word' id='word_1_20' title='bbox 1408 442 1624 496; x_wconf 79' lang='lat' dir='ltr'>Aegyptiis</span> <span class='ocrx_word' id='word_1_21' title='bbox 1656 441 1880 497; x_wconf 77' lang='lat' dir='ltr'>lugendam</span> <span class='ocrx_word' id='word_1_22' title='bbox 1905 441 2133 484; x_wconf 73' lang='lat' dir='ltr'><strong>sentiebant</strong></span> <span class='ocrx_word' id='word_1_23' title='bbox 2161 445 2426 497; x_wconf 76' lang='lat' dir='ltr'>(Thammuz,</span> 
     </span>
     <span class='ocr_line' id='line_1_4' title="bbox 432 514 2427 570; baseline 0.001 -14"><span class='ocrx_word' id='word_1_24' title='bbox 432 515 557 565; x_wconf 81' lang='lat' dir='ltr'>Attis,</span> <span class='ocrx_word' id='word_1_25' title='bbox 585 515 738 556; x_wconf 81' lang='lat' dir='ltr'>Adonis</span> <span class='ocrx_word' id='word_1_26' title='bbox 763 521 835 563; x_wconf 75' lang='lat' dir='ltr'>-J</span> <span class='ocrx_word' id='word_1_27' title='bbox 864 521 909 554; x_wconf 91' lang='lat' dir='ltr'>ut</span> <span class='ocrx_word' id='word_1_28' title='bbox 934 514 1122 555; x_wconf 83' lang='lat' dir='ltr'>Hebraei</span> <span class='ocrx_word' id='word_1_29' title='bbox 1148 514 1332 555; x_wconf 77' lang='lat' dir='ltr'>Jehovae</span> <span class='ocrx_word' id='word_1_30' title='bbox 1358 527 1533 564; x_wconf 86' lang='lat' dir='ltr'>servum,</span> <span class='ocrx_word' id='word_1_31' title='bbox 1560 514 1586 554; x_wconf 90' lang='lat' dir='ltr'>i.</span> <span class='ocrx_word' id='word_1_32' title='bbox 1617 528 1652 555; x_wconf 90' lang='lat' dir='ltr'>e.</span> <span class='ocrx_word' id='word_1_33' title='bbox 1681 515 1855 556; x_wconf 88' lang='lat' dir='ltr'>animum</span> <span class='ocrx_word' id='word_1_34' title='bbox 1885 515 2115 557; x_wconf 89' lang='lat' dir='ltr'>humanum.</span> <span class='ocrx_word' id='word_1_35' title='bbox 2168 515 2320 570; x_wconf 82' lang='lat' dir='ltr'>Neque</span> <span class='ocrx_word' id='word_1_36' title='bbox 2341 514 2427 559; x_wconf 74' lang='lat' dir='ltr'>&#39;At-</span> 
     </span>
     <span class='ocr_line' id='line_1_5' title="bbox 433 578 2426 642; baseline 0.001 -12"><span class='ocrx_word' id='word_1_37' title='bbox 433 589 504 641; x_wconf 82' lang='grc' dir='ltr'>ὅης</span> <span class='ocrx_word' id='word_1_38' title='bbox 533 603 556 629; x_wconf 87' lang='lat' dir='ltr'>a</span> <span class='ocrx_word' id='word_1_39' title='bbox 584 588 785 629; x_wconf 81' lang='lat' dir='ltr'>Mercurio</span> <span class='ocrx_word' id='word_1_40' title='bbox 814 586 965 638; x_wconf 80' lang='lat' dir='ltr'>differt,</span> <span class='ocrx_word' id='word_1_41' title='bbox 995 593 1038 628; x_wconf 90' lang='lat' dir='ltr'>ct</span> <span class='ocrx_word' id='word_1_42' title='bbox 1064 588 1314 641; x_wconf 82' lang='lat' dir='ltr'>Proserpina</span> <span class='ocrx_word' id='word_1_43' title='bbox 1341 601 1432 628; x_wconf 90' lang='lat' dir='ltr'>cum</span> <span class='ocrx_word' id='word_1_44' title='bbox 1448 588 1613 628; x_wconf 88' lang='lat' dir='ltr'>Hecate</span> <span class='ocrx_word' id='word_1_45' title='bbox 1641 588 1760 628; x_wconf 89' lang='lat' dir='ltr'>unius</span> <span class='ocrx_word' id='word_1_46' title='bbox 1787 594 1850 629; x_wconf 87' lang='lat' dir='ltr'>est</span> <span class='ocrx_word' id='word_1_47' title='bbox 1870 578 2021 642; x_wconf 80' lang='lat' dir='ltr'>stirpis.</span> <span class='ocrx_word' id='word_1_48' title='bbox 2074 589 2252 630; x_wconf 77' lang='lat' dir='ltr'>Nomina</span> <span class='ocrx_word' id='word_1_49' title='bbox 2278 596 2426 641; x_wconf 88' lang='lat' dir='ltr'>autem,</span> 
     </span>
     <span class='ocr_line' id='line_1_6' title="bbox 434 654 2425 715; baseline 0.001 -14"><span class='ocrx_word' id='word_1_50' title='bbox 434 662 467 701; x_wconf 90' lang='lat' dir='ltr'>si</span> <span class='ocrx_word' id='word_1_51' title='bbox 495 661 548 701; x_wconf 87' lang='lat' dir='ltr'>de</span> <span class='ocrx_word' id='word_1_52' title='bbox 576 661 755 715; x_wconf 81' lang='lat' dir='ltr'>praefixa</span> <span class='ocrx_word' id='word_1_53' title='bbox 781 659 936 714; x_wconf 80' lang='lat' dir='ltr'>syllaba</span> <span class='ocrx_word' id='word_1_54' title='bbox 964 656 1071 713; x_wconf 80' lang='grc' dir='ltr'><strong><em>ἄξιος</em></strong></span> <span class='ocrx_word' id='word_1_55' title='bbox 1096 673 1172 713; x_wconf 90' lang='lat' dir='ltr'>per</span> <span class='ocrx_word' id='word_1_56' title='bbox 1197 674 1243 700; x_wconf 85' lang='lat' dir='ltr'>se</span> <span class='ocrx_word' id='word_1_57' title='bbox 1270 660 1378 701; x_wconf 87' lang='lat' dir='ltr'>clara</span> <span class='ocrx_word' id='word_1_58' title='bbox 1405 667 1452 701; x_wconf 90' lang='lat' dir='ltr'>ut</span> <span class='ocrx_word' id='word_1_59' title='bbox 1483 660 1525 700; x_wconf 89' lang='lat' dir='ltr'>in</span> <span class='ocrx_word' id='word_1_60' title='bbox 1560 654 1794 713; x_wconf 73' lang='grc' dir='ltr'><strong><em>ἀξιόταὺρος</em></strong></span> <span class='ocrx_word' id='word_1_61' title='bbox 1829 661 1972 711; x_wconf 90' lang='lat' dir='ltr'>simil.‚</span> <span class='ocrx_word' id='word_1_62' title='bbox 2013 660 2268 712; x_wconf 82' lang='lat' dir='ltr'>discesseris,</span> <span class='ocrx_word' id='word_1_63' title='bbox 2301 659 2425 714; x_wconf 78' lang='grc' dir='ltr'><strong>ἐρσος,</strong></span> 
     </span>
     <span class='ocr_line' id='line_1_7' title="bbox 432 731 2425 789; baseline 0.002 -17"><span class='ocrx_word' id='word_1_64' title='bbox 432 748 564 784; x_wconf 79' lang='grc' dir='ltr'><em>κερσα,</em></span> <span class='ocrx_word' id='word_1_65' title='bbox 590 745 728 785; x_wconf 80' lang='grc' dir='ltr'><strong><em>κερσος</em></strong></span> <span class='ocrx_word' id='word_1_66' title='bbox 753 733 807 773; x_wconf 86' lang='lat' dir='ltr'>ad</span> <span class='ocrx_word' id='word_1_67' title='bbox 826 733 1171 788; x_wconf 86' lang='lat' dir='ltr'>significationem</span> <span class='ocrx_word' id='word_1_68' title='bbox 1189 732 1341 773; x_wconf 89' lang='lat' dir='ltr'>domini</span> <span class='ocrx_word' id='word_1_69' title='bbox 1360 732 1514 784; x_wconf 88' lang='lat' dir='ltr'>redire,</span> <span class='ocrx_word' id='word_1_70' title='bbox 1540 731 1964 789; x_wconf 77' lang='lat' dir='ltr'>indegermanicarum</span> <span class='ocrx_word' id='word_1_71' title='bbox 1991 733 2219 788; x_wconf 82' lang='lat' dir='ltr'>lingvarum</span> <span class='ocrx_word' id='word_1_72' title='bbox 2246 735 2425 777; x_wconf 83' lang='lat' dir='ltr'>rationes</span> 
     </span>
     <span class='ocr_line' id='line_1_8' title="bbox 431 804 2422 860; baseline 0.001 -14"><span class='ocrx_word' id='word_1_73' title='bbox 431 806 616 856; x_wconf 81' lang='lat' dir='ltr'>svadent‚</span> <span class='ocrx_word' id='word_1_74' title='bbox 644 806 679 846; x_wconf 90' lang='lat' dir='ltr'>si</span> <span class='ocrx_word' id='word_1_75' title='bbox 697 806 864 860; x_wconf 89' lang='lat' dir='ltr'>quidem</span> <span class='ocrx_word' id='word_1_76' title='bbox 882 804 947 857; x_wconf 75' lang='grc' dir='ltr'>ἐρτ</span> <span class='ocrx_word' id='word_1_77' title='bbox 973 821 1006 848; x_wconf 88' lang='lat' dir='ltr'>s.</span> <span class='ocrx_word' id='word_1_78' title='bbox 1036 804 1110 857; x_wconf 76' lang='grc' dir='ltr'>ἀρτ</span> <span class='ocrx_word' id='word_1_79' title='bbox 1137 806 1190 846; x_wconf 90' lang='lat' dir='ltr'>de</span> <span class='ocrx_word' id='word_1_80' title='bbox 1219 820 1299 860; x_wconf 88' lang='lat' dir='ltr'>qua</span> <span class='ocrx_word' id='word_1_81' title='bbox 1335 806 1492 860; x_wconf 78' lang='lat' dir='ltr'><strong>syllaba</strong></span> <span class='ocrx_word' id='word_1_82' title='bbox 1529 807 1696 859; x_wconf 84' lang='lat' dir='ltr'>exponit</span> <span class='ocrx_word' id='word_1_83' title='bbox 1734 807 1929 847; x_wconf 80' lang='lat' dir='ltr'>G&#39;esem&#39;us</span> <span class='ocrx_word' id='word_1_84' title='bbox 1965 805 2201 860; x_wconf 72' lang='lat' dir='ltr'>(worterb.</span> <span class='ocrx_word' id='word_1_85' title='bbox 2236 807 2277 857; x_wconf 75' lang='lat' dir='ltr'>d.</span> <span class='ocrx_word' id='word_1_86' title='bbox 2309 807 2422 848; x_wconf 86' lang='lat' dir='ltr'>hebr.</span> 
     </span>
     <span class='ocr_line' id='line_1_9' title="bbox 430 875 2425 933; baseline 0.001 -14"><span class='ocrx_word' id='word_1_87' title='bbox 430 879 523 931; x_wconf 90' lang='lat' dir='ltr'>Spr.</span> <span class='ocrx_word' id='word_1_88' title='bbox 543 878 597 919; x_wconf 88' lang='lat'>11.</span> <span class='ocrx_word' id='word_1_89' title='bbox 614 892 656 932; x_wconf 88' lang='lat' dir='ltr'>p.</span> <span class='ocrx_word' id='word_1_90' title='bbox 687 881 825 929; x_wconf 80' lang='lat'>1247),</span> <span class='ocrx_word' id='word_1_91' title='bbox 855 884 1033 932; x_wconf 82' lang='lat' dir='ltr'>cognata</span> <span class='ocrx_word' id='word_1_92' title='bbox 1059 884 1121 919; x_wconf 83' lang='lat' dir='ltr'>est</span> <span class='ocrx_word' id='word_1_93' title='bbox 1139 878 1322 932; x_wconf 83' lang='lat' dir='ltr'>syllabae</span> <span class='ocrx_word' id='word_1_94' title='bbox 1349 876 1411 930; x_wconf 78' lang='grc' dir='ltr'>ἐρς</span> <span class='ocrx_word' id='word_1_95' title='bbox 1438 886 1481 920; x_wconf 91' lang='lat' dir='ltr'>et</span> <span class='ocrx_word' id='word_1_96' title='bbox 1507 893 1600 920; x_wconf 90' lang='lat' dir='ltr'>cum</span> <span class='ocrx_word' id='word_1_97' title='bbox 1625 880 1756 932; x_wconf 88' lang='lat' dir='ltr'>prima</span> <span class='ocrx_word' id='word_1_98' title='bbox 1782 878 1961 933; x_wconf 88' lang='lat' dir='ltr'>aspirata</span> <span class='ocrx_word' id='word_1_99' title='bbox 1988 875 2050 931; x_wconf 76' lang='grc' dir='ltr'>ἓρς</span> <span class='ocrx_word' id='word_1_100' title='bbox 2076 892 2108 919; x_wconf 88' lang='lat' dir='ltr'>s.</span> <span class='ocrx_word' id='word_1_101' title='bbox 2136 877 2202 931; x_wconf 70' lang='grc' dir='ltr'>ἑρε</span> <span class='ocrx_word' id='word_1_102' title='bbox 2230 887 2277 920; x_wconf 88' lang='lat' dir='ltr'>ut</span> <span class='ocrx_word' id='word_1_103' title='bbox 2303 882 2425 921; x_wconf 87' lang='lat' dir='ltr'>etiam</span> 
     </span>
     <span class='ocr_line' id='line_1_10' title="bbox 427 948 2425 1006; baseline 0.001 -15"><span class='ocrx_word' id='word_1_104' title='bbox 427 951 603 991; x_wconf 81' lang='lat' dir='ltr'>Artemis</span> <span class='ocrx_word' id='word_1_105' title='bbox 632 956 676 992; x_wconf 88' lang='lat' dir='ltr'>et</span> <span class='ocrx_word' id='word_1_106' title='bbox 704 949 957 1005; x_wconf 72' lang='grc' dir='ltr'><em>Φερσεφόνη,</em></span> <span class='ocrx_word' id='word_1_107' title='bbox 987 956 1030 992; x_wconf 79' lang='lat' dir='ltr'>et</span> <span class='ocrx_word' id='word_1_108' title='bbox 1050 948 1242 1004; x_wconf 80' lang='grc' dir='ltr'><strong><em>Ἐρ-μ-ῆς</em></strong></span> <span class='ocrx_word' id='word_1_109' title='bbox 1274 958 1318 993; x_wconf 88' lang='lat' dir='ltr'>et</span> <span class='ocrx_word' id='word_1_110' title='bbox 1354 950 1594 1006; x_wconf 77' lang='grc' dir='ltr'><strong><em>Κά-β-ειρος</em></strong></span> <span class='ocrx_word' id='word_1_111' title='bbox 1618 954 1662 1006; x_wconf 73' lang='lat' dir='ltr'>*J</span> <span class='ocrx_word' id='word_1_112' title='bbox 1705 952 1814 993; x_wconf 88' lang='lat' dir='ltr'>inter</span> <span class='ocrx_word' id='word_1_113' title='bbox 1847 966 1894 992; x_wconf 89' lang='lat' dir='ltr'>se</span> <span class='ocrx_word' id='word_1_114' title='bbox 1925 957 2127 1005; x_wconf 75' lang='lat' dir='ltr'>cognatae</span> <span class='ocrx_word' id='word_1_115' title='bbox 2164 952 2299 1006; x_wconf 82' lang='lat' dir='ltr'>stirpis</span> <span class='ocrx_word' id='word_1_116' title='bbox 2334 966 2425 993; x_wconf 83' lang='lat' dir='ltr'>esse</span> 
     </span>
     <span class='ocr_line' id='line_1_11' title="bbox 428 1021 2424 1081; baseline 0.002 -19"><span class='ocrx_word' id='word_1_117' title='bbox 428 1023 586 1076; x_wconf 77' lang='lat' dir='ltr'>possint</span> <span class='ocrx_word' id='word_1_118' title='bbox 613 1023 720 1063; x_wconf 91' lang='lat' dir='ltr'>sicut</span> <span class='ocrx_word' id='word_1_119' title='bbox 740 1021 935 1075; x_wconf 80' lang='grc' dir='ltr'><strong><em>’Δρταῖοι,</em></strong></span> <span class='ocrx_word' id='word_1_120' title='bbox 952 1022 1106 1077; x_wconf 66' lang='lat' dir='ltr'>&#39;‘Apaoc,</span> <span class='ocrx_word' id='word_1_121' title='bbox 1132 1024 1288 1065; x_wconf 87' lang='lat' dir='ltr'>Eriene</span> <span class='ocrx_word' id='word_1_122' title='bbox 1315 1025 1408 1077; x_wconf 88' lang='lat' dir='ltr'>alia,</span> <span class='ocrx_word' id='word_1_123' title='bbox 1436 1040 1543 1081; x_wconf 89' lang='lat' dir='ltr'>quae</span> <span class='ocrx_word' id='word_1_124' title='bbox 1577 1025 1696 1066; x_wconf 83' lang='lat' dir='ltr'>affert</span> <span class='ocrx_word' id='word_1_125' title='bbox 1714 1024 1859 1066; x_wconf 73' lang='lat' dir='ltr'>Rhode</span> <span class='ocrx_word' id='word_1_126' title='bbox 1884 1024 2012 1074; x_wconf 83' lang='lat' dir='ltr'>(iiber</span> <span class='ocrx_word' id='word_1_127' title='bbox 2030 1024 2147 1066; x_wconf 81' lang='lat' dir='ltr'>Alter</span> <span class='ocrx_word' id='word_1_128' title='bbox 2171 1024 2257 1065; x_wconf 88' lang='lat' dir='ltr'>und</span> <span class='ocrx_word' id='word_1_129' title='bbox 2275 1023 2424 1067; x_wconf 84' lang='lat' dir='ltr'>Werth</span> 
     </span>
     <span class='ocr_line' id='line_1_12' title="bbox 432 1096 2084 1153; baseline 0.002 -18"><span class='ocrx_word' id='word_1_130' title='bbox 432 1096 593 1150; x_wconf 83' lang='lat' dir='ltr'>einiger</span> <span class='ocrx_word' id='word_1_131' title='bbox 620 1098 820 1151; x_wconf 91' lang='lat' dir='ltr'>morgenl.</span> <span class='ocrx_word' id='word_1_132' title='bbox 850 1098 1079 1138; x_wconf 80' lang='lat' dir='ltr'>Urkunden</span> <span class='ocrx_word' id='word_1_133' title='bbox 1104 1112 1144 1150; x_wconf 86' lang='lat' dir='ltr'>p.</span> <span class='ocrx_word' id='word_1_134' title='bbox 1174 1099 1264 1150; x_wconf 84' lang='lat'>41).</span> <span class='ocrx_word' id='word_1_135' title='bbox 1321 1098 1387 1138; x_wconf 84' lang='lat' dir='ltr'>Cf.</span> <span class='ocrx_word' id='word_1_136' title='bbox 1420 1099 1598 1139; x_wconf 71' lang='lat' dir='ltr'>Oreum·</span> <span class='ocrx_word' id='word_1_137' title='bbox 1624 1096 1764 1153; x_wconf 78' lang='lat' dir='ltr'>Symb.</span> <span class='ocrx_word' id='word_1_138' title='bbox 1793 1097 1827 1137; x_wconf 89' lang='lat' dir='ltr'>I.</span> <span class='ocrx_word' id='word_1_139' title='bbox 1856 1097 1967 1152; x_wconf 40' lang='lat'>258·</span> <span class='ocrx_word' id='word_1_140' title='bbox 1994 1100 2084 1140; x_wconf 75' lang='lat'>234.</span> 
     </span>
    </p>

    <p class='ocr_par' dir='ltr' id='par_1_3' title="bbox 428 1168 2422 1438">
     <span class='ocr_line' id='line_1_13' title="bbox 617 1168 2422 1224; baseline 0 -15"><span class='ocrx_word' id='word_1_141' title='bbox 617 1169 704 1209; x_wconf 87' lang='lat' dir='ltr'>Sed</span> <span class='ocrx_word' id='word_1_142' title='bbox 731 1170 935 1210; x_wconf 80' lang='lat' dir='ltr'>mittamus</span> <span class='ocrx_word' id='word_1_143' title='bbox 961 1170 1158 1210; x_wconf 86' lang='lat' dir='ltr'>lubricam</span> <span class='ocrx_word' id='word_1_144' title='bbox 1186 1169 1239 1209; x_wconf 92' lang='lat' dir='ltr'>de</span> <span class='ocrx_word' id='word_1_145' title='bbox 1267 1169 1329 1209; x_wconf 87' lang='lat' dir='ltr'>his</span> <span class='ocrx_word' id='word_1_146' title='bbox 1347 1169 1575 1210; x_wconf 85' lang='lat' dir='ltr'>nominibus</span> <span class='ocrx_word' id='word_1_147' title='bbox 1603 1169 1903 1223; x_wconf 71' lang='lat' dir='ltr'>quaestionemt</span> <span class='ocrx_word' id='word_1_148' title='bbox 1931 1184 2012 1224; x_wconf 90' lang='lat' dir='ltr'>qua</span> <span class='ocrx_word' id='word_1_149' title='bbox 2039 1169 2203 1224; x_wconf 89' lang='lat' dir='ltr'>quidem</span> <span class='ocrx_word' id='word_1_150' title='bbox 2230 1168 2311 1210; x_wconf 90' lang='lat' dir='ltr'>hoc</span> <span class='ocrx_word' id='word_1_151' title='bbox 2336 1183 2422 1209; x_wconf 90' lang='lat' dir='ltr'>me-</span> 
     </span>
     <span class='ocr_line' id='line_1_14' title="bbox 428 1238 2422 1295; baseline 0.001 -16"><span class='ocrx_word' id='word_1_152' title='bbox 428 1241 623 1280; x_wconf 83' lang='lat' dir='ltr'>morabile</span> <span class='ocrx_word' id='word_1_153' title='bbox 652 1242 843 1295; x_wconf 80' lang='lat' dir='ltr'>emergit,</span> <span class='ocrx_word' id='word_1_154' title='bbox 884 1238 1017 1294; x_wconf 70' lang='grc' dir='ltr'><em>ἄρειον</em></span> <span class='ocrx_word' id='word_1_155' title='bbox 1051 1244 1159 1294; x_wconf 75' lang='grc' dir='ltr'><em>γένος</em></span> <span class='ocrx_word' id='word_1_156' title='bbox 1193 1250 1309 1288; x_wconf 75' lang='lat' dir='ltr'>recte</span> <span class='ocrx_word' id='word_1_157' title='bbox 1343 1242 1423 1283; x_wconf 88' lang='lat' dir='ltr'>dici</span> <span class='ocrx_word' id='word_1_158' title='bbox 1459 1242 1585 1283; x_wconf 86' lang='lat' dir='ltr'>videri</span> <span class='ocrx_word' id='word_1_159' title='bbox 1611 1243 1759 1295; x_wconf 80' lang='lat' dir='ltr'>Magos</span> <span class='ocrx_word' id='word_1_160' title='bbox 1786 1256 1848 1294; x_wconf 88' lang='lat' dir='ltr'>ap.</span> <span class='ocrx_word' id='word_1_161' title='bbox 1880 1243 2069 1284; x_wconf 86' lang='lat' dir='ltr'>Damasc.</span> <span class='ocrx_word' id='word_1_162' title='bbox 2107 1243 2218 1295; x_wconf 67' lang='grc' dir='ltr'><strong>(περὶ</strong></span> <span class='ocrx_word' id='word_1_163' title='bbox 2250 1240 2349 1292; x_wconf 83' lang='grc' dir='ltr'><strong>ἀρχ.,</strong></span> <span class='ocrx_word' id='word_1_164' title='bbox 2387 1257 2422 1281; x_wconf 77' lang='lat' dir='ltr'>v.</span> 
     </span>
     <span class='ocr_line' id='line_1_15' title="bbox 428 1311 2422 1367; baseline 0.001 -15"><span class='ocrx_word' id='word_1_165' title='bbox 428 1313 577 1353; x_wconf 85' lang='lat' dir='ltr'>Creuz.</span> <span class='ocrx_word' id='word_1_166' title='bbox 606 1313 633 1352; x_wconf 88' lang='lat'>1.</span> <span class='ocrx_word' id='word_1_167' title='bbox 661 1313 721 1360; x_wconf 84' lang='grc'><strong>1.).</strong></span> <span class='ocrx_word' id='word_1_168' title='bbox 776 1314 963 1367; x_wconf 86' lang='lat' dir='ltr'>Magicas</span> <span class='ocrx_word' id='word_1_169' title='bbox 991 1321 1126 1354; x_wconf 81' lang='lat' dir='ltr'>autem</span> <span class='ocrx_word' id='word_1_170' title='bbox 1154 1319 1263 1353; x_wconf 83' lang='lat' dir='ltr'>artes</span> <span class='ocrx_word' id='word_1_171' title='bbox 1290 1313 1521 1353; x_wconf 80' lang='lat' dir='ltr'>exercuisse</span> <span class='ocrx_word' id='word_1_172' title='bbox 1550 1312 1723 1353; x_wconf 86' lang='lat' dir='ltr'>Cabiros</span> <span class='ocrx_word' id='word_1_173' title='bbox 1749 1311 1987 1353; x_wconf 77' lang='lat' dir='ltr'>sacerdotes</span> <span class='ocrx_word' id='word_1_174' title='bbox 2014 1313 2149 1364; x_wconf 88' lang='lat' dir='ltr'>Sami,</span> <span class='ocrx_word' id='word_1_175' title='bbox 2184 1312 2422 1354; x_wconf 87' lang='lat' dir='ltr'>Samothra-</span> 
     </span>
     <span class='ocr_line' id='line_1_16' title="bbox 428 1384 2420 1438; baseline 0 -13"><span class='ocrx_word' id='word_1_176' title='bbox 428 1385 531 1435; x_wconf 88' lang='lat' dir='ltr'>ciae,</span> <span class='ocrx_word' id='word_1_177' title='bbox 560 1385 703 1435; x_wconf 83' lang='lat' dir='ltr'>Imbri,</span> <span class='ocrx_word' id='word_1_178' title='bbox 731 1385 892 1436; x_wconf 84' lang='lat' dir='ltr'>Lemni,</span> <span class='ocrx_word' id='word_1_179' title='bbox 922 1390 964 1427; x_wconf 88' lang='lat' dir='ltr'>et</span> <span class='ocrx_word' id='word_1_180' title='bbox 982 1385 1156 1428; x_wconf 79' lang='lat' dir='ltr'>fascinos</span> <span class='ocrx_word' id='word_1_181' title='bbox 1175 1384 1340 1425; x_wconf 86' lang='lat' dir='ltr'>dedisse</span> <span class='ocrx_word' id='word_1_182' title='bbox 1358 1384 1524 1425; x_wconf 87' lang='lat' dir='ltr'>initiatis</span> <span class='ocrx_word' id='word_1_183' title='bbox 1542 1385 1715 1425; x_wconf 82' lang='lat' dir='ltr'>maxime</span> <span class='ocrx_word' id='word_1_184' title='bbox 1741 1385 1794 1425; x_wconf 91' lang='lat' dir='ltr'>ob</span> <span class='ocrx_word' id='word_1_185' title='bbox 1813 1385 1935 1425; x_wconf 85' lang='lat' dir='ltr'>maris</span> <span class='ocrx_word' id='word_1_186' title='bbox 1952 1385 2150 1438; x_wconf 87' lang='lat' dir='ltr'>pericula,</span> <span class='ocrx_word' id='word_1_187' title='bbox 2179 1386 2420 1425; x_wconf 87' lang='lat' dir='ltr'>Hecaticas-</span> 
     </span>
    </p>
   </div>
   <div class='ocr_carea' id='block_1_3' title="bbox 427 1450 2418 1580">
    <p class='ocr_par' dir='ltr' id='par_1_4' title="bbox 427 1450 2418 1580">
     <span class='ocr_line' id='line_1_17' title="bbox 429 1450 2418 1511; baseline 0.001 -16"><span class='ocrx_word' id='word_1_188' title='bbox 429 1471 511 1509; x_wconf 88' lang='lat' dir='ltr'>que</span> <span class='ocrx_word' id='word_1_189' title='bbox 540 1450 792 1496; x_wconf 76' lang='lat' dir='ltr'>ceremonias</span> <span class='ocrx_word' id='word_1_190' title='bbox 822 1457 1010 1505; x_wconf 89' lang='lat' dir='ltr'>coluisse,</span> <span class='ocrx_word' id='word_1_191' title='bbox 1039 1457 1174 1496; x_wconf 86' lang='lat' dir='ltr'>statim</span> <span class='ocrx_word' id='word_1_192' title='bbox 1204 1470 1253 1495; x_wconf 84' lang='lat' dir='ltr'>ex</span> <span class='ocrx_word' id='word_1_193' title='bbox 1282 1456 1429 1495; x_wconf 86' lang='lat' dir='ltr'>eodem</span> <span class='ocrx_word' id='word_1_194' title='bbox 1447 1457 1650 1506; x_wconf 84' lang='lat' dir='ltr'>Apollonii</span> <span class='ocrx_word' id='word_1_195' title='bbox 1679 1462 1721 1495; x_wconf 92' lang='lat' dir='ltr'>et</span> <span class='ocrx_word' id='word_1_196' title='bbox 1738 1455 1992 1496; x_wconf 85' lang='lat' dir='ltr'>Scholiastae</span> <span class='ocrx_word' id='word_1_197' title='bbox 2010 1455 2100 1496; x_wconf 91' lang='lat' dir='ltr'>loco</span> <span class='ocrx_word' id='word_1_198' title='bbox 2119 1457 2216 1496; x_wconf 88' lang='lat' dir='ltr'>satis</span> <span class='ocrx_word' id='word_1_199' title='bbox 2235 1465 2418 1511; x_wconf 82' lang='lat' dir='ltr'>apparet,</span> 
     </span>
     <span class='ocr_line' id='line_1_18' title="bbox 427 1524 2417 1580; baseline 0 -13"><span class='ocrx_word' id='word_1_200' title='bbox 427 1528 478 1568; x_wconf 82' lang='lat' dir='ltr'>cf.</span> <span class='ocrx_word' id='word_1_201' title='bbox 507 1527 585 1567; x_wconf 87' lang='lat'>111.</span> <span class='ocrx_word' id='word_1_202' title='bbox 613 1530 692 1569; x_wconf 80' lang='lat'>860</span> <span class='ocrx_word' id='word_1_203' title='bbox 719 1542 807 1580; x_wconf 85' lang='lat' dir='ltr'>sqq.</span> <span class='ocrx_word' id='word_1_204' title='bbox 837 1541 871 1566; x_wconf 89' lang='lat' dir='ltr'>c.</span> <span class='ocrx_word' id='word_1_205' title='bbox 901 1527 1040 1566; x_wconf 83' lang='lat' dir='ltr'>Schol.</span> <span class='ocrx_word' id='word_1_206' title='bbox 1094 1526 1204 1565; x_wconf 78' lang='lat' dir='ltr'>Diva</span> <span class='ocrx_word' id='word_1_207' title='bbox 1238 1532 1369 1564; x_wconf 84' lang='lat' dir='ltr'>mater</span> <span class='ocrx_word' id='word_1_208' title='bbox 1403 1538 1507 1576; x_wconf 88' lang='lat' dir='ltr'>quae</span> <span class='ocrx_word' id='word_1_209' title='bbox 1535 1525 1714 1563; x_wconf 86' lang='lat' dir='ltr'>Cabeira</span> <span class='ocrx_word' id='word_1_210' title='bbox 1747 1538 1777 1563; x_wconf 89' lang='lat' dir='ltr'>s.</span> <span class='ocrx_word' id='word_1_211' title='bbox 1807 1524 1959 1565; x_wconf 85' lang='lat' dir='ltr'>Cabiro</span> <span class='ocrx_word' id='word_1_212' title='bbox 1996 1524 2105 1565; x_wconf 75' lang='lat' dir='ltr'>dIcta</span> <span class='ocrx_word' id='word_1_213' title='bbox 2139 1532 2202 1566; x_wconf 89' lang='lat' dir='ltr'>est</span> <span class='ocrx_word' id='word_1_214' title='bbox 2231 1528 2417 1580; x_wconf 84' lang='lat' dir='ltr'>(Strab.)</span> 
     </span>
    </p>
   </div>
   <div class='ocr_carea' id='block_1_4' title="bbox 424 1594 2419 2666">
    <p class='ocr_par' dir='ltr' id='par_1_5' title="bbox 424 1594 2419 2301">
     <span class='ocr_line' id='line_1_19' title="bbox 426 1594 2419 1652; baseline -0.001 -13"><span class='ocrx_word' id='word_1_215' title='bbox 426 1599 570 1652; x_wconf 88' lang='lat' dir='ltr'>procul</span> <span class='ocrx_word' id='word_1_216' title='bbox 600 1597 725 1638; x_wconf 89' lang='lat' dir='ltr'>dubio</span> <span class='ocrx_word' id='word_1_217' title='bbox 752 1599 929 1639; x_wconf 85' lang='lat' dir='ltr'>Hecate.</span> <span class='ocrx_word' id='word_1_218' title='bbox 985 1596 1114 1651; x_wconf 86' lang='lat' dir='ltr'>Cujus</span> <span class='ocrx_word' id='word_1_219' title='bbox 1148 1595 1293 1649; x_wconf 77' lang='lat' dir='ltr'>conjux</span> <span class='ocrx_word' id='word_1_220' title='bbox 1332 1594 1441 1649; x_wconf 87' lang='lat' dir='ltr'>quod</span> <span class='ocrx_word' id='word_1_221' title='bbox 1477 1594 1571 1635; x_wconf 87' lang='lat' dir='ltr'>alibi</span> <span class='ocrx_word' id='word_1_222' title='bbox 1603 1610 1679 1649; x_wconf 89' lang='lat' dir='ltr'>pro</span> <span class='ocrx_word' id='word_1_223' title='bbox 1707 1595 1912 1636; x_wconf 91' lang='lat' dir='ltr'>Mercurio</span> <span class='ocrx_word' id='word_1_224' title='bbox 1940 1596 2143 1637; x_wconf 84' lang='lat' dir='ltr'>Vulcanus</span> <span class='ocrx_word' id='word_1_225' title='bbox 2179 1599 2296 1651; x_wconf 87' lang='lat' dir='ltr'>(cum</span> <span class='ocrx_word' id='word_1_226' title='bbox 2322 1613 2419 1638; x_wconf 89' lang='lat' dir='ltr'>con-</span> 
     </span>
     <span class='ocr_line' id='line_1_20' title="bbox 426 1666 2419 1724; baseline 0.002 -15"><span class='ocrx_word' id='word_1_227' title='bbox 426 1671 526 1724; x_wconf 80' lang='lat' dir='ltr'>juge</span> <span class='ocrx_word' id='word_1_228' title='bbox 555 1669 740 1723; x_wconf 77' lang='lat' dir='ltr'>Venere)</span> <span class='ocrx_word' id='word_1_229' title='bbox 771 1670 1015 1717; x_wconf 90' lang='lat' dir='ltr'>nominatur,</span> <span class='ocrx_word' id='word_1_230' title='bbox 1044 1668 1246 1707; x_wconf 88' lang='lat' dir='ltr'>neminem</span> <span class='ocrx_word' id='word_1_231' title='bbox 1273 1666 1445 1707; x_wconf 80' lang='lat' dir='ltr'>offendit</span> <span class='ocrx_word' id='word_1_232' title='bbox 1472 1667 1548 1708; x_wconf 89' lang='lat' dir='ltr'>nisi</span> <span class='ocrx_word' id='word_1_233' title='bbox 1577 1681 1683 1718; x_wconf 89' lang='lat' dir='ltr'>eum,</span> <span class='ocrx_word' id='word_1_234' title='bbox 1713 1668 1782 1722; x_wconf 88' lang='lat' dir='ltr'>qui</span> <span class='ocrx_word' id='word_1_235' title='bbox 1809 1668 1940 1709; x_wconf 85' lang='lat' dir='ltr'>nescit</span> <span class='ocrx_word' id='word_1_236' title='bbox 1966 1669 2008 1708; x_wconf 90' lang='lat' dir='ltr'>in</span> <span class='ocrx_word' id='word_1_237' title='bbox 2036 1683 2158 1723; x_wconf 87' lang='lat' dir='ltr'>quam</span> <span class='ocrx_word' id='word_1_238' title='bbox 2175 1671 2306 1712; x_wconf 87' lang='lat' dir='ltr'>varios</span> <span class='ocrx_word' id='word_1_239' title='bbox 2324 1685 2419 1724; x_wconf 88' lang='lat' dir='ltr'>pos-</span> 
     </span>
     <span class='ocr_line' id='line_1_21' title="bbox 424 1739 2417 1795; baseline 0.002 -14"><span class='ocrx_word' id='word_1_240' title='bbox 424 1743 587 1782; x_wconf 70' lang='lat' dir='ltr'>terioris</span> <span class='ocrx_word' id='word_1_241' title='bbox 607 1742 753 1782; x_wconf 82' lang='lat' dir='ltr'>aetatis</span> <span class='ocrx_word' id='word_1_242' title='bbox 770 1741 870 1781; x_wconf 87' lang='lat' dir='ltr'>deos</span> <span class='ocrx_word' id='word_1_243' title='bbox 890 1754 1109 1795; x_wconf 85' lang='lat' dir='ltr'>rerumque</span> <span class='ocrx_word' id='word_1_244' title='bbox 1127 1739 1326 1794; x_wconf 87' lang='lat' dir='ltr'>principia</span> <span class='ocrx_word' id='word_1_245' title='bbox 1343 1739 1425 1791; x_wconf 88' lang='lat' dir='ltr'>illa,</span> <span class='ocrx_word' id='word_1_246' title='bbox 1454 1752 1560 1794; x_wconf 89' lang='lat' dir='ltr'>quae</span> <span class='ocrx_word' id='word_1_247' title='bbox 1579 1739 1693 1780; x_wconf 91' lang='lat' dir='ltr'>initio</span> <span class='ocrx_word' id='word_1_248' title='bbox 1713 1739 1800 1782; x_wconf 89' lang='lat' dir='ltr'>sine</span> <span class='ocrx_word' id='word_1_249' title='bbox 1818 1741 1982 1783; x_wconf 89' lang='lat' dir='ltr'>nomine</span> <span class='ocrx_word' id='word_1_250' title='bbox 2001 1747 2044 1783; x_wconf 89' lang='lat' dir='ltr'>et</span> <span class='ocrx_word' id='word_1_251' title='bbox 2062 1741 2193 1784; x_wconf 78' lang='lat' dir='ltr'>forma</span> <span class='ocrx_word' id='word_1_252' title='bbox 2211 1749 2327 1785; x_wconf 87' lang='lat' dir='ltr'>erant</span> <span class='ocrx_word' id='word_1_253' title='bbox 2338 1742 2417 1795; x_wconf 80' lang='grc'>**),</span> 
     </span>
     <span class='ocr_line' id='line_1_22' title="bbox 426 1813 2418 1869; baseline 0.001 -14"><span class='ocrx_word' id='word_1_254' title='bbox 426 1816 590 1869; x_wconf 83' lang='lat' dir='ltr'>amiqua</span> <span class='ocrx_word' id='word_1_255' title='bbox 617 1815 782 1856; x_wconf 89' lang='lat' dir='ltr'>numina</span> <span class='ocrx_word' id='word_1_256' title='bbox 808 1815 1033 1856; x_wconf 89' lang='lat' dir='ltr'>accedente</span> <span class='ocrx_word' id='word_1_257' title='bbox 1061 1820 1230 1854; x_wconf 84' lang='lat' dir='ltr'>externa</span> <span class='ocrx_word' id='word_1_258' title='bbox 1257 1826 1379 1852; x_wconf 87' lang='lat' dir='ltr'>causa</span> <span class='ocrx_word' id='word_1_259' title='bbox 1404 1814 1454 1853; x_wconf 91' lang='lat' dir='ltr'>ab</span> <span class='ocrx_word' id='word_1_260' title='bbox 1474 1813 1579 1853; x_wconf 87' lang='lat' dir='ltr'>coeli</span> <span class='ocrx_word' id='word_1_261' title='bbox 1598 1819 1816 1867; x_wconf 86' lang='lat' dir='ltr'>terraeque</span> <span class='ocrx_word' id='word_1_262' title='bbox 1843 1813 2012 1869; x_wconf 84' lang='lat' dir='ltr'>alicujus</span> <span class='ocrx_word' id='word_1_263' title='bbox 2030 1819 2175 1860; x_wconf 75' lang='lat' dir='ltr'>natura</span> <span class='ocrx_word' id='word_1_264' title='bbox 2192 1814 2418 1857; x_wconf 87' lang='lat' dir='ltr'>hominum-</span> 
     </span>
     <span class='ocr_line' id='line_1_23' title="bbox 429 1885 2418 1941; baseline 0.001 -14"><span class='ocrx_word' id='word_1_265' title='bbox 429 1902 509 1941; x_wconf 87' lang='lat' dir='ltr'>que</span> <span class='ocrx_word' id='word_1_266' title='bbox 530 1888 698 1941; x_wconf 86' lang='lat' dir='ltr'>ingenio</span> <span class='ocrx_word' id='word_1_267' title='bbox 719 1901 767 1927; x_wconf 88' lang='lat' dir='ltr'>ac</span> <span class='ocrx_word' id='word_1_268' title='bbox 794 1888 989 1936; x_wconf 89' lang='lat' dir='ltr'>moribus,</span> <span class='ocrx_word' id='word_1_269' title='bbox 1019 1885 1214 1926; x_wconf 87' lang='lat' dir='ltr'>translata</span> <span class='ocrx_word' id='word_1_270' title='bbox 1239 1885 1340 1925; x_wconf 87' lang='lat' dir='ltr'>sint:</span> <span class='ocrx_word' id='word_1_271' title='bbox 1369 1891 1416 1926; x_wconf 87' lang='lat' dir='ltr'>ut</span> <span class='ocrx_word' id='word_1_272' title='bbox 1442 1885 1550 1938; x_wconf 84' lang='lat' dir='ltr'>ignis</span> <span class='ocrx_word' id='word_1_273' title='bbox 1578 1885 1638 1924; x_wconf 77' lang='lat' dir='ltr'>vis</span> <span class='ocrx_word' id='word_1_274' title='bbox 1665 1885 1837 1924; x_wconf 84' lang='lat' dir='ltr'>numinis</span> <span class='ocrx_word' id='word_1_275' title='bbox 1856 1886 2032 1925; x_wconf 81' lang='lat' dir='ltr'>universi</span> <span class='ocrx_word' id='word_1_276' title='bbox 2056 1887 2187 1927; x_wconf 78' lang='lat' dir='ltr'>forma</span> <span class='ocrx_word' id='word_1_277' title='bbox 2215 1893 2256 1927; x_wconf 87' lang='lat' dir='ltr'>et</span> <span class='ocrx_word' id='word_1_278' title='bbox 2274 1895 2418 1928; x_wconf 84' lang='lat' dir='ltr'>natura</span> 
     </span>
     <span class='ocr_line' id='line_1_24' title="bbox 427 1956 2417 2001; baseline 0.001 -2"><span class='ocrx_word' id='word_1_279' title='bbox 427 1960 485 1999; x_wconf 86' lang='lat' dir='ltr'>ibi</span> <span class='ocrx_word' id='word_1_280' title='bbox 512 1959 651 1999; x_wconf 86' lang='lat' dir='ltr'>habita</span> <span class='ocrx_word' id='word_1_281' title='bbox 677 1959 747 1999; x_wconf 87' lang='lat' dir='ltr'>ubi</span> <span class='ocrx_word' id='word_1_282' title='bbox 775 1958 935 1999; x_wconf 87' lang='lat' dir='ltr'>metalla</span> <span class='ocrx_word' id='word_1_283' title='bbox 962 1958 1243 1999; x_wconf 83' lang='lat' dir='ltr'>tractabantur</span> <span class='ocrx_word' id='word_1_284' title='bbox 1270 1962 1339 1999; x_wconf 86' lang='lat' dir='ltr'>aut</span> <span class='ocrx_word' id='word_1_285' title='bbox 1365 1957 1497 1998; x_wconf 87' lang='lat' dir='ltr'>solum</span> <span class='ocrx_word' id='word_1_286' title='bbox 1535 1956 1772 1998; x_wconf 80' lang='lat' dir='ltr'>vulcaneum</span> <span class='ocrx_word' id='word_1_287' title='bbox 1810 1963 1910 1998; x_wconf 87' lang='lat' dir='ltr'>erat.</span> <span class='ocrx_word' id='word_1_288' title='bbox 1973 1958 2042 1999; x_wconf 89' lang='lat' dir='ltr'>De</span> <span class='ocrx_word' id='word_1_289' title='bbox 2081 1959 2244 2000; x_wconf 86' lang='lat' dir='ltr'>Hecate</span> <span class='ocrx_word' id='word_1_290' title='bbox 2280 1967 2417 2001; x_wconf 89' lang='lat' dir='ltr'>autem</span> 
     </span>
     <span class='ocr_line' id='line_1_25' title="bbox 428 2026 2416 2085; baseline 0.001 -13"><span class='ocrx_word' id='word_1_291' title='bbox 428 2033 595 2081; x_wconf 88' lang='lat' dir='ltr'>cabiria,</span> <span class='ocrx_word' id='word_1_292' title='bbox 625 2046 730 2085; x_wconf 89' lang='lat' dir='ltr'>quae</span> <span class='ocrx_word' id='word_1_293' title='bbox 756 2046 833 2085; x_wconf 87' lang='lat' dir='ltr'>per</span> <span class='ocrx_word' id='word_1_294' title='bbox 860 2031 1135 2073; x_wconf 87' lang='lat' dir='ltr'>Cadmeorum</span> <span class='ocrx_word' id='word_1_295' title='bbox 1167 2035 1334 2084; x_wconf 83' lang='lat' dir='ltr'>gentem</span> <span class='ocrx_word' id='word_1_296' title='bbox 1360 2029 1612 2071; x_wconf 83' lang='lat' dir='ltr'>Harmoniae</span> <span class='ocrx_word' id='word_1_297' title='bbox 1644 2029 1816 2069; x_wconf 81' lang='lat' dir='ltr'>sormam</span> <span class='ocrx_word' id='word_1_298' title='bbox 1848 2043 1896 2070; x_wconf 90' lang='lat' dir='ltr'>ac</span> <span class='ocrx_word' id='word_1_299' title='bbox 1923 2026 2119 2080; x_wconf 87' lang='lat' dir='ltr'>naturam,</span> <span class='ocrx_word' id='word_1_300' title='bbox 2154 2045 2233 2084; x_wconf 89' lang='lat' dir='ltr'>qua</span> <span class='ocrx_word' id='word_1_301' title='bbox 2260 2031 2416 2073; x_wconf 84' lang='lat' dir='ltr'>Thebis</span> 
     </span>
     <span class='ocr_line' id='line_1_26' title="bbox 428 2101 2414 2159; baseline 0 -15"><span class='ocrx_word' id='word_1_302' title='bbox 428 2118 686 2159; x_wconf 87' lang='lat' dir='ltr'>summopere</span> <span class='ocrx_word' id='word_1_303' title='bbox 713 2104 925 2146; x_wconf 89' lang='lat' dir='ltr'>colebatur</span> <span class='ocrx_word' id='word_1_304' title='bbox 952 2103 1195 2153; x_wconf 87' lang='lat' dir='ltr'>(Plutarcho</span> <span class='ocrx_word' id='word_1_305' title='bbox 1223 2107 1365 2152; x_wconf 89' lang='lat' dir='ltr'>teste),</span> <span class='ocrx_word' id='word_1_306' title='bbox 1401 2101 1533 2142; x_wconf 86' lang='lat' dir='ltr'>induit</span> <span class='ocrx_word' id='word_1_307' title='bbox 1568 2107 1611 2141; x_wconf 89' lang='lat' dir='ltr'>et</span> <span class='ocrx_word' id='word_1_308' title='bbox 1641 2106 1785 2154; x_wconf 78' lang='lat' dir='ltr'>postea</span> <span class='ocrx_word' id='word_1_309' title='bbox 1807 2102 2008 2143; x_wconf 90' lang='lat' dir='ltr'>Demeter</span> <span class='ocrx_word' id='word_1_310' title='bbox 2035 2103 2186 2144; x_wconf 88' lang='lat' dir='ltr'>cabiria</span> <span class='ocrx_word' id='word_1_311' title='bbox 2212 2103 2318 2145; x_wconf 78' lang='lat' dir='ltr'>sacta</span> <span class='ocrx_word' id='word_1_312' title='bbox 2337 2112 2414 2156; x_wconf 86' lang='lat' dir='ltr'>est,</span> 
     </span>
     <span class='ocr_line' id='line_1_27' title="bbox 428 2168 2416 2231; baseline 0.001 -15"><span class='ocrx_word' id='word_1_313' title='bbox 428 2177 544 2216; x_wconf 88' lang='lat' dir='ltr'>testis</span> <span class='ocrx_word' id='word_1_314' title='bbox 570 2177 708 2217; x_wconf 88' lang='lat' dir='ltr'>Nonni</span> <span class='ocrx_word' id='word_1_315' title='bbox 749 2177 910 2231; x_wconf 88' lang='lat' dir='ltr'>(XXX.</span> <span class='ocrx_word' id='word_1_316' title='bbox 944 2181 1032 2224; x_wconf 81' lang='grc'><strong>45.)</strong></span> <span class='ocrx_word' id='word_1_317' title='bbox 1070 2175 1243 2216; x_wconf 82' lang='lat' dir='ltr'>Cabirus</span> <span class='ocrx_word' id='word_1_318' title='bbox 1274 2174 1469 2215; x_wconf 82' lang='lat' dir='ltr'>Lemnius</span> <span class='ocrx_word' id='word_1_319' title='bbox 1505 2170 1678 2226; x_wconf 74' lang='grc' dir='ltr'><strong><em>Ἑκάτης</em></strong></span> <span class='ocrx_word' id='word_1_320' title='bbox 1709 2168 1911 2215; x_wconf 59' lang='lat' dir='ltr'>acaedam</span> <span class='ocrx_word' id='word_1_321' title='bbox 1947 2172 2093 2225; x_wconf 73' lang='grc' dir='ltr'><strong><em>πύρσον</em></strong></span> <span class='ocrx_word' id='word_1_322' title='bbox 2129 2173 2297 2216; x_wconf 72' lang='grc' dir='ltr'>ἑλίσσων.</span> <span class='ocrx_word' id='word_1_323' title='bbox 2357 2178 2416 2219; x_wconf 87' lang='lat' dir='ltr'>Et</span> 
     </span>
     <span class='ocr_line' id='line_1_28' title="bbox 429 2244 2130 2301; baseline 0 -14"><span class='ocrx_word' id='word_1_324' title='bbox 429 2263 544 2290; x_wconf 85' lang='lat' dir='ltr'>sacra</span> <span class='ocrx_word' id='word_1_325' title='bbox 573 2249 788 2290; x_wconf 87' lang='lat' dir='ltr'>Cabiriaca</span> <span class='ocrx_word' id='word_1_326' title='bbox 814 2248 1119 2288; x_wconf 84' lang='lat' dir='ltr'>Samothraciae</span> <span class='ocrx_word' id='word_1_327' title='bbox 1145 2247 1388 2289; x_wconf 77' lang='lat' dir='ltr'>Herodotus</span> <span class='ocrx_word' id='word_1_328' title='bbox 1414 2246 1466 2286; x_wconf 91' lang='lat'>11.</span> <span class='ocrx_word' id='word_1_329' title='bbox 1495 2249 1558 2289; x_wconf 88' lang='grc'>51.</span> <span class='ocrx_word' id='word_1_330' title='bbox 1593 2244 1759 2300; x_wconf 84' lang='lat' dir='ltr'>quidem</span> <span class='ocrx_word' id='word_1_331' title='bbox 1786 2245 1886 2287; x_wconf 89' lang='lat' dir='ltr'>dicit</span> <span class='ocrx_word' id='word_1_332' title='bbox 1907 2247 2130 2301; x_wconf 69' lang='lat' dir='ltr'>pelasgica.</span> 
     </span>
    </p>

    <p class='ocr_par' dir='ltr' id='par_1_6' title="bbox 431 2318 2412 2666">
     <span class='ocr_line' id='line_1_29' title="bbox 611 2318 2412 2375; baseline 0.002 -15"><span class='ocrx_word' id='word_1_333' title='bbox 611 2321 833 2375; x_wconf 86' lang='lat' dir='ltr'>Pelasgica</span> <span class='ocrx_word' id='word_1_334' title='bbox 861 2350 875 2371; x_wconf 85' lang='lat'>‚</span> <span class='ocrx_word' id='word_1_335' title='bbox 904 2325 949 2360; x_wconf 89' lang='lat' dir='ltr'>ut</span> <span class='ocrx_word' id='word_1_336' title='bbox 974 2320 1034 2360; x_wconf 87' lang='lat' dir='ltr'>ita</span> <span class='ocrx_word' id='word_1_337' title='bbox 1062 2319 1211 2368; x_wconf 87' lang='lat' dir='ltr'>dicam,</span> <span class='ocrx_word' id='word_1_338' title='bbox 1240 2318 1444 2359; x_wconf 86' lang='lat' dir='ltr'>Hecatica</span> <span class='ocrx_word' id='word_1_339' title='bbox 1470 2325 1634 2371; x_wconf 86' lang='lat' dir='ltr'>praeter</span> <span class='ocrx_word' id='word_1_340' title='bbox 1661 2318 1749 2358; x_wconf 88' lang='lat' dir='ltr'>illas</span> <span class='ocrx_word' id='word_1_341' title='bbox 1784 2319 1934 2358; x_wconf 86' lang='lat' dir='ltr'>insulas</span> <span class='ocrx_word' id='word_1_342' title='bbox 1964 2319 2183 2361; x_wconf 87' lang='lat' dir='ltr'>cabiriacas</span> <span class='ocrx_word' id='word_1_343' title='bbox 2217 2322 2320 2363; x_wconf 83' lang='lat' dir='ltr'>aliae</span> <span class='ocrx_word' id='word_1_344' title='bbox 2353 2323 2412 2364; x_wconf 90' lang='lat' dir='ltr'>in-</span> 
     </span>
     <span class='ocr_line' id='line_1_30' title="bbox 431 2389 2410 2447; baseline 0.001 -14"><span class='ocrx_word' id='word_1_345' title='bbox 431 2393 544 2435; x_wconf 83' lang='lat' dir='ltr'>sulae</span> <span class='ocrx_word' id='word_1_346' title='bbox 570 2392 689 2433; x_wconf 87' lang='lat' dir='ltr'>simili</span> <span class='ocrx_word' id='word_1_347' title='bbox 716 2392 836 2433; x_wconf 91' lang='lat' dir='ltr'>modo</span> <span class='ocrx_word' id='word_1_348' title='bbox 864 2392 1139 2435; x_wconf 86' lang='lat' dir='ltr'>celebrabant.</span> <span class='ocrx_word' id='word_1_349' title='bbox 1197 2391 1500 2444; x_wconf 84' lang='lat' dir='ltr'>Harpocration</span> <span class='ocrx_word' id='word_1_350' title='bbox 1532 2389 1751 2444; x_wconf 77' lang='grc' dir='ltr'>&lt;Εκοίτης</span> <span class='ocrx_word' id='word_1_351' title='bbox 1785 2392 1827 2433; x_wconf 94' lang='lat' dir='ltr'>N</span> <span class='ocrx_word' id='word_1_352' title='bbox 1835 2391 1862 2443; x_wconf 80' lang='grc' dir='ltr'><em>ἢ</em></span> <span class='ocrx_word' id='word_1_353' title='bbox 1873 2406 1955 2438; x_wconf 81' lang='grc' dir='ltr'>σος</span> <span class='ocrx_word' id='word_1_354' title='bbox 1988 2416 2041 2424; x_wconf 89' lang='grc'><strong>-</strong></span> <span class='ocrx_word' id='word_1_355' title='bbox 2072 2390 2147 2444; x_wconf 77' lang='grc' dir='ltr'>πρὸ</span> <span class='ocrx_word' id='word_1_356' title='bbox 2180 2397 2248 2447; x_wconf 77' lang='grc' dir='ltr'>τῆς</span> <span class='ocrx_word' id='word_1_357' title='bbox 2281 2394 2410 2446; x_wconf 65' lang='grc' dir='ltr'>Δήλου</span> 
     </span>
     <span class='ocr_line' id='line_1_31' title="bbox 431 2460 2409 2519; baseline 0.002 -15"><span class='ocrx_word' id='word_1_358' title='bbox 431 2469 549 2505; x_wconf 82' lang='grc' dir='ltr'><em>κεῖταί</em></span> <span class='ocrx_word' id='word_1_359' title='bbox 574 2481 611 2504; x_wconf 80' lang='grc' dir='ltr'>τι</span> <span class='ocrx_word' id='word_1_360' title='bbox 636 2464 858 2517; x_wconf 72' lang='grc' dir='ltr'><em>νησύδριον,</em></span> <span class='ocrx_word' id='word_1_361' title='bbox 888 2460 980 2516; x_wconf 73' lang='grc' dir='ltr'><strong><em>ὅπερ</em></strong></span> <span class='ocrx_word' id='word_1_362' title='bbox 1006 2462 1067 2504; x_wconf 74' lang='grc' dir='ltr'>ὑπ’</span> <span class='ocrx_word' id='word_1_363' title='bbox 1100 2463 1208 2505; x_wconf 69' lang='grc' dir='ltr'><strong><em>ἐνίων</em></strong></span> <span class='ocrx_word' id='word_1_364' title='bbox 1235 2465 1410 2504; x_wconf 80' lang='grc' dir='ltr'><strong><em>καλεῖται</em></strong></span> <span class='ocrx_word' id='word_1_365' title='bbox 1437 2465 1682 2517; x_wconf 59' lang='grc' dir='ltr'><strong><em>Ψαμμητίχη,</em></strong></span> <span class='ocrx_word' id='word_1_366' title='bbox 1712 2460 1767 2511; x_wconf 77' lang='grc' dir='ltr'>ὡς</span> <span class='ocrx_word' id='word_1_367' title='bbox 1786 2462 2029 2517; x_wconf 75' lang='grc' dir='ltr'><em>Φανόδημος</em></span> <span class='ocrx_word' id='word_1_368' title='bbox 2055 2462 2092 2506; x_wconf 71' lang='grc' dir='ltr'>ἐν</span> <span class='ocrx_word' id='word_1_369' title='bbox 2117 2481 2180 2518; x_wconf 75' lang='grc' dir='ltr'>πρ.</span> <span class='ocrx_word' id='word_1_370' title='bbox 2200 2467 2409 2519; x_wconf 72' lang='grc' dir='ltr'>Δηλιακών.</span> 
     </span>
     <span class='ocr_line' id='line_1_32' title="bbox 433 2532 2410 2594; baseline 0.003 -17"><span class='ocrx_word' id='word_1_371' title='bbox 433 2540 686 2592; x_wconf 75' lang='grc' dir='ltr'>Ψαμμητίχην</span> <span class='ocrx_word' id='word_1_372' title='bbox 715 2539 757 2579; x_wconf 84' lang='grc' dir='ltr'>δὲ</span> <span class='ocrx_word' id='word_1_373' title='bbox 782 2539 996 2590; x_wconf 75' lang='grc' dir='ltr'><strong><em>κεκλῆσθαί</em></strong></span> <span class='ocrx_word' id='word_1_374' title='bbox 1022 2552 1133 2591; x_wconf 75' lang='grc' dir='ltr'><em>φησιν</em></span> <span class='ocrx_word' id='word_1_375' title='bbox 1163 2535 1184 2578; x_wconf 89' lang='grc' dir='ltr'>ὁ</span> <span class='ocrx_word' id='word_1_376' title='bbox 1204 2532 1340 2591; x_wconf 75' lang='grc' dir='ltr'>Σημὸς</span> <span class='ocrx_word' id='word_1_377' title='bbox 1367 2534 1405 2577; x_wconf 69' lang='grc' dir='ltr'>ἐν</span> <span class='ocrx_word' id='word_1_378' title='bbox 1432 2549 1467 2576; x_wconf 79' lang='grc' dir='ltr'>τ.</span> <span class='ocrx_word' id='word_1_379' title='bbox 1494 2550 1555 2589; x_wconf 75' lang='grc' dir='ltr'>πρ.</span> <span class='ocrx_word' id='word_1_380' title='bbox 1585 2532 1652 2578; x_wconf 79' lang='grc' dir='ltr'>διὰ</span> <span class='ocrx_word' id='word_1_381' title='bbox 1678 2533 1724 2577; x_wconf 79' lang='grc' dir='ltr'>τὸ</span> <span class='ocrx_word' id='word_1_382' title='bbox 1753 2543 1836 2585; x_wconf 75' lang='grc' dir='ltr'><strong><em>τοῖς</em></strong></span> <span class='ocrx_word' id='word_1_383' title='bbox 1865 2535 2101 2591; x_wconf 77' lang='grc' dir='ltr'><strong><em>Ψαμμήτοις</em></strong></span> <span class='ocrx_word' id='word_1_384' title='bbox 2126 2540 2318 2593; x_wconf 54' lang='lat' dir='ltr'>&lt;spuicam</span> <span class='ocrx_word' id='word_1_385' title='bbox 2342 2537 2410 2594; x_wconf 70' lang='grc' dir='ltr'>τὴν</span> 
     </span>
     <span class='ocr_line' id='line_1_33' title="bbox 431 2608 2412 2666; baseline 0.001 -12"><span class='ocrx_word' id='word_1_386' title='bbox 431 2611 526 2654; x_wconf 75' lang='grc' dir='ltr'><strong><em>θεόν</em></strong></span> <span class='ocrx_word' id='word_1_387' title='bbox 553 2619 631 2653; x_wconf 84' lang='lat' dir='ltr'>cet.</span> <span class='ocrx_word' id='word_1_388' title='bbox 686 2611 889 2666; x_wconf 85' lang='lat' dir='ltr'>Pelasgos</span> <span class='ocrx_word' id='word_1_389' title='bbox 917 2617 1054 2652; x_wconf 86' lang='lat' dir='ltr'>autem</span> <span class='ocrx_word' id='word_1_390' title='bbox 1082 2608 1358 2652; x_wconf 86' lang='lat' dir='ltr'>tantummodo</span> <span class='ocrx_word' id='word_1_391' title='bbox 1386 2609 1658 2651; x_wconf 86' lang='lat' dir='ltr'>conformasse</span> <span class='ocrx_word' id='word_1_392' title='bbox 1686 2611 1737 2651; x_wconf 89' lang='lat' dir='ltr'>ab</span> <span class='ocrx_word' id='word_1_393' title='bbox 1756 2611 1933 2652; x_wconf 82' lang='lat' dir='ltr'>Thracia</span> <span class='ocrx_word' id='word_1_394' title='bbox 1959 2617 2086 2665; x_wconf 85' lang='lat' dir='ltr'>gente</span> <span class='ocrx_word' id='word_1_395' title='bbox 2112 2611 2283 2654; x_wconf 88' lang='lat' dir='ltr'>oriunda</span> <span class='ocrx_word' id='word_1_396' title='bbox 2308 2612 2412 2655; x_wconf 81' lang='lat' dir='ltr'>haec</span> 
     </span>
    </p>
   </div>
   <div class='ocr_carea' id='block_1_5' title="bbox 617 2733 740 2740">
    <p class='ocr_par' dir='ltr' id='par_1_7' title="bbox 617 2733 740 2740">
     <span class='ocr_line' id='line_1_34' title="bbox 617 2733 740 2740; baseline 0 612"><span class='ocrx_word' id='word_1_397' title='bbox 617 2733 740 2740; x_wconf 95' lang='lat' dir='ltr'> </span> 
     </span>
    </p>
   </div>
   <div class='ocr_carea' id='block_1_6' title="bbox 743 2734 863 2740">
    <p class='ocr_par' dir='ltr' id='par_1_8' title="bbox 743 2734 863 2740">
     <span class='ocr_line' id='line_1_35' title="bbox 743 2734 863 2740; baseline 0 0"><span class='ocrx_word' id='word_1_398' title='bbox 743 2734 863 2740; x_wconf 95' lang='lat' dir='ltr'> </span> 
     </span>
    </p>
   </div>
   <div class='ocr_carea' id='block_1_7' title="bbox 430 2736 608 2744">
    <p class='ocr_par' dir='ltr' id='par_1_9' title="bbox 430 2736 608 2744">
     <span class='ocr_line' id='line_1_36' title="bbox 430 2736 608 2744; baseline 0 608"><span class='ocrx_word' id='word_1_399' title='bbox 430 2736 608 2744; x_wconf 95' lang='lat' dir='ltr'> </span> 
     </span>
    </p>
   </div>
   <div class='ocr_carea' id='block_1_8' title="bbox 432 2786 2407 2955">
    <p class='ocr_par' dir='ltr' id='par_1_10' title="bbox 432 2786 2407 2955">
     <span class='ocr_line' id='line_1_37' title="bbox 615 2786 2407 2843; baseline 0.001 -13"><span class='ocrx_word' id='word_1_400' title='bbox 615 2802 647 2840; x_wconf 81' lang='lat'>⁸)</span> <span class='ocrx_word' id='word_1_401' title='bbox 672 2799 711 2836; x_wconf 69' lang='lat' dir='ltr'>[n</span> <span class='ocrx_word' id='word_1_402' title='bbox 733 2808 799 2839; x_wconf 80' lang='lat' dir='ltr'>qua</span> <span class='ocrx_word' id='word_1_403' title='bbox 819 2809 901 2832; x_wconf 79' lang='lat' dir='ltr'>voce</span> <span class='ocrx_word' id='word_1_404' title='bbox 922 2803 994 2832; x_wconf 90' lang='lat' dir='ltr'>tum</span> <span class='ocrx_word' id='word_1_405' title='bbox 1016 2800 1150 2843; x_wconf 79' lang='lat' dir='ltr'>syllaba</span> <span class='ocrx_word' id='word_1_406' title='bbox 1171 2802 1222 2828; x_wconf 71' lang='grc' dir='ltr'>κα</span> <span class='ocrx_word' id='word_1_407' title='bbox 1245 2804 1389 2841; x_wconf 77' lang='lat' dir='ltr'>cognata</span> <span class='ocrx_word' id='word_1_408' title='bbox 1411 2810 1487 2832; x_wconf 86' lang='lat' dir='ltr'>cum</span> <span class='ocrx_word' id='word_1_409' title='bbox 1511 2809 1633 2842; x_wconf 80' lang='lat' dir='ltr'>graeca</span> <span class='ocrx_word' id='word_1_410' title='bbox 1660 2803 1708 2840; x_wconf 69' lang='grc' dir='ltr'>γα</span> <span class='ocrx_word' id='word_1_411' title='bbox 1738 2804 1771 2833; x_wconf 85' lang='lat' dir='ltr'>et</span> <span class='ocrx_word' id='word_1_412' title='bbox 1799 2790 1847 2837; x_wconf 81' lang='grc' dir='ltr'>ζα</span> <span class='ocrx_word' id='word_1_413' title='bbox 1881 2801 2009 2842; x_wconf 73' lang='lat' dir='ltr'>(valde)</span> <span class='ocrx_word' id='word_1_414' title='bbox 2035 2801 2068 2833; x_wconf 81' lang='lat' dir='ltr'>in</span> <span class='ocrx_word' id='word_1_415' title='bbox 2094 2786 2258 2840; x_wconf 67' lang='grc' dir='ltr'><strong><em>ζάθθθς,</em></strong></span> <span class='ocrx_word' id='word_1_416' title='bbox 2289 2792 2407 2841; x_wconf 78' lang='lat' dir='ltr'>‘Aya-</span> 
     </span>
     <span class='ocr_line' id='line_1_38' title="bbox 432 2855 639 2902; baseline 0.01 -12"><span class='ocrx_word' id='word_1_417' title='bbox 432 2855 571 2902; x_wconf 65' lang='grc' dir='ltr'><em>μέμνον</em></span> <span class='ocrx_word' id='word_1_418' title='bbox 599 2863 639 2892; x_wconf 83' lang='lat' dir='ltr'>cl.</span> 
     </span>
     <span class='ocr_line' id='line_1_39' title="bbox 615 2910 954 2955; baseline -0.006 -9"><span class='ocrx_word' id='word_1_419' title='bbox 615 2912 664 2955; x_wconf 87' lang='lat'>··)</span> <span class='ocrx_word' id='word_1_420' title='bbox 686 2911 813 2946; x_wconf 73' lang='lat' dir='ltr'>Herod.</span> <span class='ocrx_word' id='word_1_421' title='bbox 836 2910 878 2945; x_wconf 83' lang='lat'>11.</span> <span class='ocrx_word' id='word_1_422' title='bbox 901 2911 954 2946; x_wconf 77' lang='lat'>32.</span> 
     </span>
    </p>
   </div>
  </div>
 </body>
</html>
