2711 3352
1275 245 1621 299 ...Μ-..-

454 383 826 436 IIecaticarumque
853 389 988 421 rernm
1015 377 1115 418 sede
1141 378 1238 418 satis
1274 374 1487 420 celebris.'
1527 378 1687 422 Ibidem
1726 379 1816 421 Pan
1849 380 1987 422 nescio
2026 394 2080 421 an
2109 389 2225 425 recte
2248 384 2441 441 credatur

455 472 502 496 ex
530 457 699 508 pristino
728 455 890 494 numine
916 453 1103 491 universo
1131 451 1313 502 fluxisse,
1339 465 1581 506 quamquam
1608 453 1695 508 ejus
1722 454 1854 494 cultus
1889 454 1942 493 ab
1968 452 2187 494 Herodoto
2219 458 2436 508 posteriori

453 529 577 569 aetati
603 525 849 570 adscribitur
868 525 929 579 *).
986 525 1046 565 Et
1072 531 1118 564 ut
1145 522 1329 565 omittam
1356 525 1511 566 fabulas
1547 526 1601 565 de
1637 525 1857 580 Lycaone,
1899 526 1954 566 de
1987 526 2258 567 Demetre‘in
2294 542 2442 583 equum

453 607 605 642 mutata
633 598 708 648 (de
736 598 884 653 equina
911 594 1101 638 Hecatae
1137 597 1316 652 imagine
1344 596 1598 653 jam'locuto
1634 598 1844 652 Wurmio)
1881 592 1977 640 savis
2014 600 2145 641 habeo
2180 602 2443 643 memorabile

452 670 712 728 Theopompi
740 671 793 711 de
822 670 1049 712 domestico
1081 671 1269 711 Mercurii
1296 670 1443 711 inferni
1471 678 1515 712 et
1539 670 1730 713 Hecatae
1756 672 1869 714 cultu
1895 672 2169 714 testimonium
2196 686 2257 727 ap.
2285 674 2443 716 Wurm.

455 750 481 787 l.
510 749 536 787 Ι.
564 761 602 800 p.
634 750 698 788 13.
728 758 1079 787 commemorasse.
1152 745 1202 785 In
1235 740 1402 799 reliqua.
1420 739 1712 799 Peloponneso
1745 747 1880 801 Argos
1908 742 1950 786 et
1978 746 2133 801 Sicyon
2162 761 2211 788 ea
2236 760 2351 787 sacra
2379 760 2445 787 ce-

455 821 680 861 lebravere.
731 818 912 869 Lobeck,
942 818 1140 871 Aglaoph.
1170 830 1208 870 p.
1239 822 1355 860 1213.
1410 819 1515 859 Item
1541 819 1630 860 Elis
1657 820 1809 860 Hecati
1836 834 1867 860 s.
1888 819 2079 862 Mercurii
2098 821 2225 860 sacris
2245 821 2444 862 excelluit.

641 891 806 932 Deinde
846 892 888 931 in
925 891 1059 931 Attica
1090 892 1380 933 Eleusinorum
1416 905 1532 933 sacra
1564 893 1615 932 ab
1652 893 1767 933 initio
1800 893 1983 933 Hecates
2016 892 2141 933 fuisse
2173 899 2287 946 patet
2322 908 2371 933 ex
2398 894 2446 933 iis

456 978 561 1021 quae
588 965 641 1005 ‹le
667 966 796 1005 Daira
828 964 874 1003 V.
903 965 957 1004 D.
975 959 1189 1005 'disserunt
1217 949 1385 1018 (Sr'ebel.
1422 965 1476 1005 ad
1510 966 1637 1006 Paus.
1665 966 1698 1006 1.
1726 963 1790 1007 38.
1819 965 1884 1018 7.)
1914 964 1962 1006 et
1985 963 2089 1019 quae
2115 978 2236 1018 supra
2260 965 2444 1014 diximus,

456 1045 633 1093 suntque
657 1035 875 1092 praeterea
903 1038 1030 1078 multa
1057 1038 1097 1078 in
1127 1038 1412 1091 antiquissimis
1423 1033 1590 1079 ⁴Atticae
1618 1038 1787 1079 heroum
1814 1038 1961 1078 fabulis
1989 1038 2040 1078 ad
2060 1039 2251 1079 Hecaten
2279 1044 2321 1078 et
2338 1039 2448 1078 Mer-

458 1112 614 1153 curium
641 1110 868 1151 referenda.
925 1111 1009 1150 Sed
1039 1112 1215 1151 omnium
1243 1111 1415 1150 maxime
1433 1110 1695 1150 memorabile
1722 1110 1823 1150 illud
1851 1116 1926 1160 est,
1956 1111 2066 1164 quod
2093 1111 2182 1161 ista,
2209 1110 2321 1151 uude
2344 1110 2449 1150 haec

460 1184 679 1239 disputatio
710 1196 880 1237 egressa
908 1189 984 1232 est,
1013 1183 1147 1224 divina
1174 1183 1232 1223 vis
1260 1181 1499 1223 universalis
1527 1180 1692 1223 nomine
1718 1183 1808 1236 ipso
1839 1184 2029 1224 Pandion
2064 1185 2103 1224 in
2138 1185 2282 1224 fabulis
2309 1184 2449 1236 priscis
2512 1195 2520 1203 ·

458 1259 677 1312 reperitur.
734 1256 862 1310 Cujus
899 1251 1131 1308 filia‘'Epo⁷7
1168 1255 1220 1296 ad
1255 1270 1401 1295 nomen
1436 1255 1534 1294 illud
1566 1253 1680 1307 ’ἐροος
1714 1270 1776 1306 ap.
1813 1257 1943 1306 Apoll.
1982 1254 2061 1293 nh.
2091 1257 2213 1305 redit,
2249 1264 2292 1296 et
2318 1263 2451 1296 amata

461 1339 524 1373 est
550 1328 760 1378 Mercurii,
790 1328 906 1384 cujus
934 1328 1097 1381 signum
1125 1327 1378 1381 myrthorum
1403 1325 1525 1367 ramis
1545 1325 1844 1367 <absconditum
1880 1326 1922 1365 in
1949 1326 2155 1368 Minervae
2191 1328 2342 1380 templo
2369 1333 2451 1368 ste-

461 1407 558 1445 tisse
586 1408 730 1443 auctor
757 1407 821 1441 est
849 1401 1075 1440 Pausanias
1103 1401 1136 1441 Ι.
1166 1403 1231 1442 27.
1259 1399 1312 1439 cf.
1344 1393 1474 1440 stuser
1501 1398 1527 1438 l.
1556 1398 1581 1438 l.
1610 1399 1652 1440 S.
1681 1401 1748 1441 6⁰1⁴.
1799 1399 1994 1453 Denique
2019 1401 2202 1441 Hecates
2228 1399 2450 1454 Epipyrgi-

462 1479 567 1523 diae,
597 1476 649 1515 ad
676 1474 902 1527 propylaea
931 1473 1035 1511 arcis
1055 1474 1291 1519 collocatae,
1321 1473 1489 1522 triplicis
1516 1477 1660 1520 utpote
1679 1469 1881 1520 οὐρανίας,
1900 1475 2073 1521 χθονίας,
2103 1471 2272 1517 ἐνιαλίας
2290 1473 2452 1525 signum

459 1553 543 1605 jam
572 1546 989 1589 commemoravimus:
1019 1545 1144 1582 Paus.
1173 1542 1310 1581 XXX.
1343 1547 1377 1580 1.
1418 1542 1475 1579 Et
1493 1543 1715 1590 προπυλαία
1733 1541 2019 1594 cognominata
2048 1538 2101 1588 ὡς
2126 1540 2283 1594 ’ἔφορος
2302 1542 2452 1584 πάντων

464 1625 529 1662 καὶ
556 1613 832 1670 κουροτρόφος
860 1616 1046 1655 omnibus
1075 1614 1173 1653 locis
1202 1614 1398 1653 collocata
1426 1613 1550 1652 fuisse
1578 1612 1753 1654 videtum
1793 1627 1826 1651 v.
1850 1612 1990 1652 Sae'ebel.
2020 1614 2085 1655 ad.
2115 1615 2191 1655 loc.
2212 1615 2449 1657 Pausaniae.

652 1690 913 1732 Postremum
939 1687 980 1727 in
1008 1686 1126 1726 Italia
1154 1686 1319 1739 antiqua
1348 1685 1444 1739 (ubi
1470 1685 1820 1726 sanus-Saturnus
1848 1691 1891 1725 et
1909 1685 2064 1739 Diana)
2095 1693 2137 1727 et
2161 1688 2204 1727 iu
2221 1689 2359 1728 Sicilia
2386 1690 2453 1728 illa

466 1766 628 1807 numina
655 1764 752 1803 olim
779 1762 889 1802 culta
916 1773 1004 1801 esse
1031 1759 1203 1800 maxime
1230 1758 1354 1799 etiam
1383 1771 1407 1798 e
1435 1757 1608 1799 nummis
1635 1758 1900 1812 cognoscitur
1917 1758 1993 1808 **).

651 1837 732 1876 His
761 1836 888 1888 igitur
914 1833 956 1872 in
982 1826 1161 1886 &eoae
1189 1828 1325 1882 gentis
1352 1830 1517 1870 sedibus
1545 1832 1595 1870 ab
1623 1831 1739 1871 initio
1775 1831 1907 1871 cultus
1933 1832 2115 1873 Hecates
2150 1832 2356 1874 institutus
2391 1840 2453 1875 est

470 1918 511 1952 et
539 1909 590 1950 ad
617 1908 885 1963 symbolicum
912 1895 1045 1956 genus
1072 1901 1288 1955 pertinuit,
1332 1915 1413 1955 quo
1446 1903 1532 1954 ipsa
1567 1902 1647 1943 dea
1682 1903 1884 1943 occultum
1923 1903 2130 1956 quoddam
2166 1920 2313 1946 numen
2351 1913 2452 1956 erat,

469 1984 583 2038 cujus
611 1981 730 2033 origo
761 1978 813 2018 ad
841 1976 989 2025 sidera,
1018 1973 1068 2014 ad
1096 1973 1235 2013 Solem
1264 1980 1307 2013 et
1334 1976 1506 2015 maxime
1534 1975 1586 2016 ad
1612 1977 1772 2017 Lunam
1800 1975 2057 2017 referebatur
2089 1978 2285 2033 cujusque
2313 1978 2370 2018 vis
2404 1979 2454 2018 ad

471 2056 644 2103 coelum,
672 2060 846 2099 terram,
887 2062 999 2088 mare
1037 2048 1267 2101 pertinebat
1301 2046 1429 2095 (unde
1462 2048 1613 2102 triceps
1648 2049 1866 2102 Hecate),
1903 2062 2008 2104 quae
2035 2063 2110 2104 per
2136 2051 2325 2092 tenebras
2358 2065 2454 2092 noc-

470 2137 609 2170 turnas
638 2126 725 2167 acie
753 2139 826 2165 sua
853 2121 1096 2176 penetrabat
1122 2121 1256 2174 (unde
1279 2122 1558 2172 λαμπαδοῦχος
1576 2123 1696 2170 cet),
1725 2122 1767 2161 in
1794 2122 1919 2162 antris
1948 2128 1991 2162 et
2018 2130 2139 2164 nocte
2166 2124 2340 2165 colenda
2367 2132 2455 2165 erat

471 2209 518 2243 ut
544 2198 752 2245 nocturnis
779 2196 1044 2239 daemonibus
1070 2194 1326 2248 spectrisque
1352 2194 1586 2249 imperitans
1615 2193 1751 2249 (quod
1773 2198 1859 2250 jam
1886 2195 1928 2235 in
1954 2196 2198 2237 occidentali
2215 2203 2270 2237 'et
2293 2203 2456 2251 septen-

471 2274 632 2317 trionali
648 2271 793 2314 Persia
811 2270 899 2326 ejus
913 2281 1057 2309 munus
1077 2265 1262 2319 φάσματα
1288 2266 1498 2321 ἐπιπέμπειν
1523 2264 1572 2309 τὰ
1590 2264 1815 2322 καλούμενα
1833 2265 1995 2310 §navata
2012 2268 2107 2310 Sch.
2126 2269 2256 2323 Apoll.
2275 2271 2357 2312 Rh.
2378 2272 2453 2312 111.

473 2349 610 2401 861.),
635 2346 788 2400 pariter
812 2345 856 2385 in
882 2342 1052 2383 mortuis
1079 2347 1204 2395 atque
1231 2341 1272 2380 in
1300 2343 1477 2382 omnium
1503 2345 1639 2383 rerum
1666 2346 1758 2382 ortu
1786 2348 1829 2382 et
1855 2342 2124 2397 generatione
2150 2343 2307 2395 pollens
2336 2343 2456 2397 (hinc

476 2418 769 2473 κουροτρόφος,
808 2418 1045 2467 noemma,
1084 2414 1213 2456 ἐνοὸία
1231 2416 1319 2462 *“*)
1346 2438 1399 2445 -
1425 2416 1529 2455 sicut
1555 2415 1783 2469 posteriore
1811 2422 1946 2455 aetate
1963 2415 2186 2456 Mercurius
2214 2421 2257 2457 et
2283 2416 2454 2457 Proser-

476 2495 571 2550 pina
589 2493 661 2549 †).
723 2488 919 2546 Symbola
954 2502 1003 2530 ex
1038 2488 1275 2530 animalibus
1309 2492 1473 2542 praeter
1507 2504 1629 2530 canes
1648 2490 1745 2543 ††)
1785 2490 1897 2530 solus
1932 2503 2060 2543 equus
2088 2495 2199 2537 (nam
2227 2490 2282 2529 de
2309 2502 2455 2530 vaccae

661 2680 693 2724 ‘)
714 2680 766 2714 no
786 2678 925 2714 deorum
946 2675 1074 2718 formis,
1096 2676 1270 2719 posteriori
1290 2660 1396 2713 aetati
1418 2677 1594 2720 adscriptis
1615 2682 1654 2713 ut
1676 2679 1717 2712 de
1739 2679 1909 2720 Aristaeo,
1930 2682 2023 2734 reete
2043 2678 2176 2718 judicat
2193 2669 2300 2710 sciatur
2320 2678 2343 2709 1.
2366 2678 2388 2709 1.
2411 2678 2454 2709 n.

479 2736 618 2768 Vorred.
643 2735 678 2766 S.
703 2733 792 2764 vm.
815 2742 886 2772 sqq.

664 2786 709 2825 ··)
734 2784 792 2817 W.
808 2783 833 2815 1.
855 2784 878 2815 1.
903 2793 935 2823 p.
962 2782 1009 2815 10.
1034 2780 1118 2812 Erat
1134 2781 1233 2813 Italia
1249 2781 1356 2822 prisca
1371 2782 1586 2815 daemonicae
1601 2794 1627 2814 s.
1643 2783 1827 2825 spiritualis
1841 2782 2014 2826 religionis
2030 2784 2138 2817 altera
2154 2781 2314 2823 quaedam
2334 2782 2454 2824 patria.

664 2838 729 2875 ‘’')
753 2835 807 2868 Cf.
832 2834 953 2866 Siebel.
977 2833 1020 2865 ad
1044 2833 1188 2864 Pan-ean.
1211 2835 1237 2865 1.
1262 2834 1440 2867 xxxvul.
1464 2839 1494 2875 S.
1518 2837 1539 2869 6
1562 2840 1595 2867 et
1617 2837 1647 2867 7.

665 2890 705 2928 †)
731 2886 929 2919 Valckenar.
953 2885 1058 2917 Diatr.
1082 2895 1114 2926 p.
1141 2886 1212 2919 138.
1237 2886 1307 2920 167.

665 2942 727 2978 ἢ)
751 2938 875 2972 Wurm.
899 2938 922 2970 1.
946 2938 968 2969 1.
992 2948 1025 2978 p.
1047 2938 1077 2970 9.
1124 2938 1193 2979 Qui
1214 2941 1307 2971 recte
1327 2938 1394 2971 hue
1415 2939 1520 2973 refert
1541 2939 1663 2973 Aeacii.
1679 2939 1831 2981 choeph.
1860 2939 1934 2972 888.
1962 2924 2108 2979 umori<
2126 2925 2308 2978 2786wa
2325 2929 2454 2973 κῶας·
2496 2948 2506 2955 ‘
