2711 3352
1299 229 1656 278 -24-

485 376 560 402 cae
584 360 794 413 religionis
817 358 1114 411 Ὠρορμάσθης,
1144 371 1225 412 quo
1253 371 1347 399 cum
1373 359 1526 401 Perses
1561 359 1879 415 consangvineus
1906 358 2033 404 Helio
2065 368 2202 414 patre,
2237 362 2368 404 Perse
2395 377 2467 403 seu

484 426 687 468 Perseide
717 434 847 467 matre
873 428 1046 466 Homer.
1076 426 1224 480 Odyss.
1254 426 1308 467 X.
1339 431 1416 470 138
1443 442 1531 482 sqq.
1561 430 1625 471 cll.
1647 429 1784 469 Schol.
1811 428 1968 468 Persen
1994 432 2125 467 autem
2146 442 2318 481 quocum
2339 432 2468 470 Grae-

484 509 630 535 corum
659 495 839 535 Perseus
867 493 982 532 initio
1012 493 1137 542 idem,
1174 498 1217 532 et
1243 496 1399 534 Aeeten
1428 495 1515 547 pari
1542 509 1622 550 qua
1648 497 1837 537 Hecaten
1871 494 1994 537 filiam
2020 508 2093 536 seu
2120 494 2259 549 neptin
2286 497 2469 550 magicae

486 560 724 604 incantandi
739 575 785 601 ac
801 559 1022 611 fascinandi
1038 561 1135 601 artis
1154 560 1289 614 gloria
1309 561 1560 613 excelluisse,
1581 563 1900 606 demonstratum
1919 568 1982 603 est
1999 577 2024 603 a
2040 563 2286 604 Buttmanno
2303 562 2469 616 Mythol.

484 630 540 670 11.
558 631 602 671 S.
620 634 709 672 192.
740 629 801 670 Cf.
822 629 965 668 Creuz.
980 629 1121 683 Symb.
1135 629 1169 669 I.
1186 633 1250 670 11.
1264 642 1304 681 p.
1320 633 1395 671 335
1411 643 1488 683 sq.,
1505 631 1575 672 ubi
1587 631 1968 672 Ram-Rachette:
1995 631 2034 669 la
2037 630 2119 683 fig.
2136 629 2174 668 d.
2191 643 2225 669 c.
2239 629 2374 668 de'esse
2390 637 2467 669 cet.

669 695 765 738 Hoc
794 693 924 748 igitur
951 695 1002 735 ab
1030 696 1160 736 cultus
1189 708 1344 748 genere
1372 701 1414 735 et
1441 710 1466 736 a
1492 697 1693 751 mysteriis
1729 696 1947 738 mithriacis
1979 696 2104 736 multa
2131 695 2297 749 Orphici
2331 695 2371 733 in
2406 709 2470 734 sa-

489 776 559 803 cra
586 775 659 802 sua
685 762 965 811 contulerunt,
1004 775 1108 816 quae
1138 774 1260 816 quum
1282 761 1367 817 jam
1394 775 1419 803 a
1444 762 1653 805 Lobeckio
1685 762 1727 803 in
1755 762 1956 817 Aglaoph.
1989 761 2247 803 multifariam
2283 760 2472 803 adnotata

486 831 566 872 sint
594 835 810 883 praetereo
839 829 1016 883 quidem,
1045 828 1120 872 sed
1147 828 1226 869 hoc
1254 827 1378 879 addo,
1406 830 1457 869 ab
1477 831 1666 894 Orphicis
1693 831 1779 870 istis
1806 844 1857 869 ex
1875 829 2063 869 Asiaticis
2089 828 2169 868 illis
2195 827 2470 881 dogmatibus,

488 897 636 950 quibus
664 896 780 936 unius
809 902 852 937 et
877 896 1114 936 universalis
1142 896 1315 937 numinis
1344 896 1401 936 vis
1428 897 1646 955 spiritualis
1672 911 1722 938 ac
1749 902 1893 937 natura
1920 895 2159 936 daemonica
2183 908 2259 951 pro
2284 908 2380 933 vero
2400 907 2473 933 nu-

485 963 595 1002 mine
614 963 839 1012 colebatur,
867 965 1019 1016 πνεῦμα
1038 957 1148 1017 ἅγιον
1168 977 1250 1003 non
1268 963 1399 1004 minus
1416 972 1656 1021 perceptum
1674 963 1803 1005 videri
1821 976 1942 1017 quam
1966 963 2016 1003 ab
2035 963 2269 1010 zoroastro,
2298 975 2321 1000 a
2339 961 2472 1000 Semi-

484 1038 619 1070 tarum
637 1044 792 1085 magna
805 1036 922 1084 parte
942 1037 983 1071 et
998 1032 1047 1071 ab
1060 1032 1214 1072 Italicis
1229 1032 1424 1085 gentibus
1438 1046 1543 1089 quae
1552 1019 1727 1075 Mentem
1737 1046 1767 1070 s.
1779 1030 2027 1071 semonems.
2042 1029 2084 1070 id
2099 1042 2247 1070 numen
2261 1029 2470 1067 vocabant.

487 1099 546 1137 Et
574 1097 686 1149 quod
713 1098 755 1136 in
784 1099 998 1151 evangelio
1027 1098 1259 1152 apocrypho
1286 1099 1542 1140 Ebraeorum
1570 1103 1633 1140 est
1658 1122 1711 1128 —-
1734 1094 1835 1138 ’ἔνθα
1861 1091 2033 1143 adrogo
2069 1092 2206 1148 Σωτήρ
2241 1110 2346 1147 φησι,
2385 1091 2474 1144 ἄρτι

486 1160 606 1215 ἔλαβέ
635 1179 679 1214 με
706 1159 730 1215 ἡ
759 1162 897 1215 Μήτηρ
927 1179 1024 1215 μου,
1070 1160 1115 1203 τὸ
1153 1159 1265 1215 ἅγιον
1298 1166 1467 1216 πνεῦμα,
1504 1166 1585 1205 hoc
1616 1169 1772 1206 tantum
1805 1165 1920 1204 abest
1946 1168 1992 1204 ut
2019 1163 2201 1204 dubitem
2227 1161 2280 1203 ad
2310 1161 2475 1215 antiqua

488 1230 560 1269 illa
589 1228 785 1283 dogmata
812 1230 990 1280 referre,
1029 1237 1075 1271 ut
1108 1238 1248 1284 putem
1277 1231 1532 1281 addendum,
1575 1232 1780 1284 quoniam,
1814 1231 1925 1284 quod
1960 1244 2081 1282 supra
2108 1230 2238 1269 omnis
2265 1229 2383 1283 hujus
2410 1242 2476 1268 re-

488 1296 657 1350 ligionis
683 1296 926 1351 principium
955 1311 1046 1337 esse
1074 1297 1447 1347 demonstravimus,
1476 1311 1525 1337 ea
1542 1296 1681 1337 mundi
1708 1297 1779 1346 vis,
1805 1296 1920 1350 cujus
1937 1296 2107 1337 sormam
2125 1295 2281 1336 Persae
2298 1295 2474 1343 Mitram,

492 1363 637 1404 sedem
664 1370 846 1403 veterum
873 1363 1059 1418 plerique
1088 1364 1129 1404 in
1156 1364 1243 1403 sole
1271 1370 1342 1403 aut
1368 1365 1462 1404 luna
1480 1364 1649 1418 positam
1668 1364 1878 1417 putabant,
1907 1378 2003 1405 vere
2025 1363 2184 1404 divinae
2203 1368 2476 1416 aeternaeque

491 1438 665 1472 naturae
685 1436 760 1480 est,
780 1444 942 1472 omnem
961 1445 1051 1474 eam
1070 1430 1247 1470 divinum
1266 1430 1432 1481 Σωτῆρα
1451 1432 1703 1482 complexum
1724 1446 1829 1480 esse,
1855 1434 1987 1484 eaque
2006 1429 2132 1471 videri
2148 1443 2270 1482 posse
2288 1443 2350 1478 ea,
2372 1443 2476 1483 quac

488 1497 685 1538 miracula
713 1496 918 1546 dicuntur,
946 1496 1181 1548 perfecisse.
1236 1496 1427 1548 Namque
1454 1501 1645 1535 aeternae
1672 1494 1825 1547 speciei
1849 1508 1898 1534 ac
1917 1499 2085 1534 naturae
2104 1495 2379 1535 tantummodo
2408 1509 2476 1535 ru-

490 1566 565 1604 des
594 1564 751 1603 formae
778 1561 983 1615 putandae
1010 1568 1103 1606 sunt
1130 1561 1372 1619 populorum
1398 1560 1686 1611 divinationes,
1712 1561 2021 1616 imaginationes
2057 1568 2179 1616 atque
2211 1562 2475 1615 opinationes,

498 1646 599 1686 quas
628 1631 715 1684 ipsa
743 1644 791 1669 ea
820 1630 892 1678 vis,
920 1629 1097 1669 humano
1126 1630 1270 1680 generi
1303 1642 1378 1679 per
1415 1628 1551 1677 deum,
1584 1630 1658 1667 τοῦ
1691 1631 1797 1680 γένος
1831 1626 1961 1679 ἐσμεν,
2001 1629 2120 1669 insita
2154 1629 2477 1684 amplectebatur

496 1699 630 1738 donec
659 1710 708 1739 ea
734 1695 796 1739 sui
820 1695 924 1749 juris
952 1694 1151 1747 liberique
1180 1694 1334 1733 arbitrii
1361 1694 1469 1735 sacta
1494 1700 1557 1734 est
1577 1708 1654 1748 per
1672 1694 1838 1747 Σωτῆρα
1863 1694 2119 1749 populorum,
2146 1694 2214 1749 qui
2234 1710 2336 1745 eam,
2366 1710 2477 1736 men-

494 1766 548 1804 tis
578 1777 676 1803 suae
702 1762 864 1810 factam,
893 1761 989 1811 suis,
1017 1768 1163 1801 natura
1183 1761 1269 1815 jam
1296 1775 1369 1800 seu
1398 1761 1531 1801 divina
1559 1762 1719 1815 origine
1747 1761 1833 1817 ejus
1865 1761 2074 1812 affinibus,
2110 1762 2238 1802 forma
2264 1759 2477 1813 πνεύματος

497 1830 613 1883 ἁγίου
648 1827 834 1877 tradidit,
876 1841 951 1867 seu
985 1828 1121 1880 potius
1159 1842 1250 1869 eam
1293 1828 1335 1867 in
1378 1828 1428 1866 iis
1470 1829 1657 1868 excitavit
1699 1829 1907 1883 mentique
1947 1827 2232 1869 reconciliavit.
2296 1827 2477 1870 Vidimus

494 1905 631 1941 autem
659 1910 749 1937 eam
778 1895 856 1935 vim
885 1894 1068 1949 symbolo
1097 1894 1245 1935 deinde
1272 1895 1411 1950 mytho
1441 1896 1491 1935 ab
1519 1896 1745 1935 hominibus
1773 1900 2010 1948 conceptam
2042 1895 2152 1950 apud
2179 1897 2362 1935 Graecos
2390 1910 2478 1936 aes-

493 1966 697 2006 theticum
725 1962 896 2001 deorum
923 1975 1054 2016 genus
1088 1975 1347 2017 procreasse,
1389 1961 1536 2017 quibus
1567 1961 1743 2004 humana
1774 1962 1911 2017 figura
1939 1961 2216 2003 distinctarum
2252 1964 2478 2015 specierum

493 2047 636 2074 norma
674 2045 723 2071 ac
760 2032 898 2082 μέτρον
933 2030 1078 2080 fiebat,
1119 2031 1344 2085 quibusque
1377 2030 1601 2070 liberaliter
1636 2031 1810 2086 (καλῶς)
1844 2029 1994 2086 agendi
2031 2029 2133 2072 ratio
2160 2029 2477 2086 adjungebatur,

496 2115 634 2155 neque
663 2099 741 2141 erit
769 2097 984 2153 quisquam
1013 2098 1110 2152 quin
1140 2099 1259 2138 etiam
1287 2099 1367 2138 hoc
1393 2098 1467 2137 sibi
1501 2099 1749 2151 persuadeat
1784 2099 1924 2152 speeie
1956 2098 2089 2139 divina
2123 2098 2320 2139 humanae
2352 2100 2478 2140 menti

496 2169 620 2209 insita
648 2168 799 2208 sactum
826 2179 927 2206 esse.
984 2165 1101 2211 Quae
1128 2163 1262 2206 divina
1288 2165 1461 2206 hominis
1487 2167 1645 2219 species
1672 2179 1765 2206 cum
1791 2166 1829 2205 vi
1861 2165 1929 2207 illa
1959 2166 2217 2220 pneumatica
2240 2179 2317 2221 per
2352 2166 2480 2207 hemi·

494 2250 593 2277 num
621 2233 947 2288 theurgicorum‚
973 2233 1146 2276 maxime
1173 2233 1431 2285 orphicorum
1458 2239 1615 2273 mentes
1644 2234 1876 2274 consociata
1911 2234 2139 2286 exemplum
2168 2239 2256 2274 erat
2277 2232 2477 2287 Σωτῆρος,

502 2302 614 2359 quod
660 2300 804 2342 eadem
846 2313 927 2354 qua
966 2299 1121 2339 formae
1159 2297 1345 2341 rudiores
1383 2299 1476 2340 illae
1517 2315 1564 2341 ac
1603 2314 1771 2341 mancae
1808 2300 2038 2342 necessaria
2083 2302 2234 2345 mentis,
2268 2302 2480 2341 universae

497 2376 644 2413 natura
672 2382 722 2410 ac
747 2368 844 2420 lege
870 2367 944 2405 sub
972 2366 1178 2406 hominum
1206 2365 1444 2420 adspectum
1470 2367 1622 2421 prodiit
1648 2366 1833 2411 omnibus
1859 2365 2049 2420 precibus
2082 2380 2130 2408 ac
2164 2366 2375 2409 desideriis
2412 2382 2481 2408 ex-

496 2437 685 2491 petitum.
739 2435 789 2475 In
818 2447 899 2487 quo
926 2447 1007 2475 uon
1033 2433 1155 2477 modo
1184 2440 1227 2474 et
1254 2434 1446 2477 nascendi
1473 2435 1705 2477 conditione
1731 2441 1774 2475 et
1802 2434 1907 2475 vitae
1942 2439 2037 2487 post
2067 2441 2239 2478 mortem
2271 2437 2480 2490 perpetui-

498 2512 585 2546 tate
613 2517 735 2558 quam
761 2500 1102 2544 resurrectionem
1129 2508 1171 2542 et
1199 2501 1310 2559 quod
1341 2502 1479 2556 utique
1505 2501 1614 2543 idem
1643 2509 1719 2551 est,
1747 2501 2053 2547 adscensionem
2080 2501 2222 2544 dicunt
2245 2503 2286 2542 in
2306 2502 2478 2550 coelum,

502 2573 561 2611 vis
596 2572 665 2611 illa
692 2583 765 2609 seu
799 2569 948 2618 πνεῦμα
977 2568 1135 2621 aperuit
1153 2582 1202 2609 ac
1220 2568 1485 2618 confirmavit,
1512 2583 1558 2608 se
1586 2569 1648 2608 sui
1671 2568 1774 2626 juris
1801 2581 1893 2613 esse
1917 2567 2088 2619 factum,
2128 2582 2264 2611 verum
2290 2568 2411 2611 etiam
2438 2568 2479 2611 id

500 2636 756 2693 praesentiae
783 2649 896 2685 suae,
926 2633 1047 2676 etiam
1076 2633 1117 2675 in
1136 2649 1264 2677 coena
1280 2650 1397 2682 sacra
1415 2636 1590 2678 efficacis
1610 2651 1659 2677 ac
1676 2636 1880 2691 pollentis,
1899 2637 2165 2681 continuitate
2183 2637 2323 2679 testari
2341 2637 2480 2692 pergit

502 2708 732 2761 dergetque
759 2703 800 2744 in
827 2704 1086 2761 perpetuum!

510 2896 851 2953 Corrigenda-⁹
888 2917 921 2949 p.
943 2907 975 2942 8.
997 2907 1079 2940 Not.
1103 2909 1134 2949 ')
1158 2910 1191 2940 et
1213 2906 1257 2946 '⁸)
1281 2906 1304 2939 l.
1328 2906 1461 2939 Preller
1482 2917 1541 2950 pro
1566 2909 1711 2942 Goeller.
1753 2909 1796 2945 Ρ.
1820 2908 1869 2943 13.
1893 2908 1951 2940 liu.
1972 2908 2025 2943 23.
2053 2908 2183 2942 Omine
2205 2919 2236 2951 p.
2262 2910 2405 2942 Omina.
