2711 3352
433 375 618 418 Taurum
652 372 885 416 habitantes
919 375 1090 414 maxime
1128 373 1320 415 mulieres
1353 373 1515 416 divinae
1541 372 1649 416 illius
1683 373 1890 430 potentiae
1924 380 2136 430 compotes
2170 381 2281 424 visae
2316 385 2425 432 sunt,

433 463 541 505 quae
569 449 695 491 etiam
723 448 831 505 apud
861 448 1125 490 Germanicas
1153 455 1318 504 gentes,
1345 448 1454 491 haud
1479 448 1604 490 dubie
1630 449 1709 490 illis
1736 449 2069 506 consangvineaS,
2098 464 2149 492 ea
2174 456 2428 500 excellebant

386 548 392 555 =
433 528 476 565 et
498 522 698 566 fatidicae
724 523 985 565 dicebantur:
1016 536 1188 577 quarum
1217 524 1339 565 etiam
1371 523 1412 563 in
1439 522 1607 564 sedibus
1633 522 1747 564 Jovis
1782 527 1826 564 et
1850 523 1997 567 Dionis
2022 523 2255 580 Pelasgicis
2286 542 2427 571 monn.

432 603 572 639 menta
598 598 856 639 inveniuntur
873 597 929 646 ¹¹¹).
984 596 1043 638 Et
1069 597 1283 637 mulierum
1310 610 1448 637 earum
1475 597 1555 637 vim
1581 596 1828 648 hecaticam,
1855 602 1902 637 ut
1926 597 1985 638 ita
2009 597 2161 650 dicam,
2194 598 2247 639 ab
2279 601 2428 644 amoris

434 686 519 713 non
544 675 772 726 separatam
798 670 924 712 visam
953 685 1059 722 esse,
1089 685 1331 726 quamquam
1351 670 1524 712 Veneris
1550 670 1691 711 odium
1710 671 1925 721 Lemniae,
1952 672 2006 712 ad
2025 673 2134 713 idem
2160 685 2293 727 genus
2319 671 2429 717 haud

435 744 560 786 dubie
586 743 855 800 pertinentes,
892 744 972 787 sibi
999 744 1253 787 contraxisse
1278 744 1478 796 seruntur,
1505 744 1641 787 multis
1668 744 1816 787 fabulis
1836 746 2145 799 comprobatum
2163 753 2237 788 est.
2282 746 2427 788 Mulie-

433 833 524 860 rum
551 832 693 861 earum
719 818 761 859 in
790 819 977 859 confiniis
1004 819 1307 875 pelasgicarum
1336 825 1379 862 et
1404 819 1678 862 semiticarum
1710 818 1897 874 gentium
1930 833 2080 861 numen
2111 825 2256 875 postea
2281 820 2429 863 Anahit

432 894 681 934 nominatum
708 899 773 934 est
799 899 842 933 et
867 892 972 934 deae
999 893 1145 935 Mitrae
1171 907 1248 936 seu
1275 895 1425 936 amoris
1443 893 1596 936 numini
1615 893 1879 946 associatum3
1918 893 2049 946 idem,
2092 907 2216 949 quum
2242 895 2295 935 ab
2313 894 2429 936 initio

431 966 569 1023 lapide
596 981 669 1008 seu
697 973 808 1007 meta
833 967 1111 1022 significatum
1138 974 1249 1010 esset
1278 968 1439 1023 (Strab.
1472 969 1527 1011 ΙΙ.
1554 983 1595 1024 p.
1624 972 1762 1018 512),
1802 972 1969 1021 postero
2005 972 2193 1022 tempore
2224 966 2429 1009 foeminae

431 1041 604 1083 sormam
630 1039 765 1082 induit
781 1041 845 1090 “J
898 1040 949 1082 Id
975 1056 1000 1083 a
1026 1043 1263 1083 mulieribus
1291 1042 1422 1083 ferme
1457 1043 1555 1083 solis
1587 1030 1739 1083 cultum
1774 1041 1911 1082 effecit
1935 1046 1983 1082 ut
2011 1054 2085 1092 eo,
2124 1054 2246 1095 quam
2272 1041 2431 1083 Lunam

433 1115 688 1169 potissimum
716 1115 1091 1168 interpretabantur
1116 1116 1369 1172 generisque
1394 1129 1469 1158 seu
1495 1128 1615 1157 sexus
1641 1114 1899 1171 genetricem
1937 1114 2150 1165 dicebant,
2189 1113 2304 1168 quasi
2335 1113 2431 1169 pig*

433 1202 536 1231 nore
560 1188 778 1230 mulierum
799 1186 981 1242 dignitas
1009 1188 1336 1239 confirmaretur,
1363 1188 1498 1243 iisque
1523 1188 1599 1229 viri
1624 1195 1830 1242 potestate
1855 1187 2066 1230 cederent.
2117 1188 2308 1234 Quocum
2325 1187 2431 1228 illud

431 1261 696 1315 conjunctum
723 1265 804 1310 est,
832 1261 945 1314 quod
971 1276 1090 1303 sacra
1112 1262 1440 1317 procurabantur
1465 1275 1490 1301 a
1515 1261 1753 1302 mulieribus
1776 1262 1955 1313 privatas
1985 1260 2095 1301 inter
2125 1261 2308 1313 parietes
2340 1273 2430 1315 my-

428 1334 647 1374 steriorum
674 1332 817 1383 instar,
845 1333 954 1374 sicut
978 1334 1164 1387 persicae
1181 1333 1382 1384 Athenae,
1421 1345 1540 1388 quam
1567 1346 1661 1375 cum
1677 1331 1837 1375 Athena
1856 1331 2053 1374 Colchica
2071 1347 2135 1387 ap.
2154 1332 2332 1374 Pausan-
2350 1333 2429 1374 ΠΙ.

429 1411 497 1449 24.
527 1405 641 1446 idem
668 1420 759 1446 esse
785 1419 937 1446 numen
964 1405 1078 1446 credi
1106 1406 1215 1446 licet.
1269 1407 1363 1447 Nec
1389 1406 1550 1460 persica
1577 1407 1744 1459 Selene,
1770 1406 1892 1461 regni
1917 1419 2048 1461 prope
2074 1419 2225 1447 numen
2251 1405 2427 1462 tutelare

428 1478 611 1529 (Herod.
641 1482 705 1520 64.
734 1479 826 1530 37.)
856 1484 901 1518 et
927 1492 1048 1531 quam
1077 1477 1197 1518 deam
1223 1479 1339 1530 Magi
1374 1480 1417 1517 in
1452 1479 1705 1517 solemnibus
1728 1480 1859 1531 regiis
1889 1480 2133 1520 invocabant
2166 1479 2298 1534 (Plin.
2333 1479 2427 1519 hist.

431 1559 502 1594 nat
527 1555 592 1595 29.
620 1553 676 1602 3.,
705 1551 899 1591 Ciceron.
926 1550 953 1591 1.
980 1549 1034 1590 de
1062 1549 1185 1590 divin.
1213 1554 1251 1593 1.
1280 1549 1389 1602 23.)‚
1416 1549 1469 1591 ab
1503 1550 1574 1591 illo
1601 1550 1767 1591 numine
1800 1550 1965 1606 sejungi
1999 1555 2152 1606 potest,
2187 1556 2232 1592 et
2263 1551 2428 1593 colchi-

431 1640 521 1668 cam
548 1625 738 1667 Medeam
766 1623 865 1664 nihil
894 1622 1006 1664 aliud
1033 1637 1155 1679 quam
1180 1621 1281 1664 illud
1308 1636 1458 1664 numen
1485 1621 1714 1667 hecaticum
1749 1636 1841 1664 esse
1872 1637 1967 1664 mox
2000 1624 2223 1679 apparebit.
2281 1625 2333 1667 In
2365 1625 2427 1667 his

428 1699 617 1742 omnibus
644 1696 832 1753 ejusdem
859 1695 1036 1735 numinis
1063 1695 1218 1747 formis,
1246 1696 1394 1751 quibus
1420 1697 1595 1738 Artemis
1621 1692 1820 1752 Ephesia,
1849 1697 2073 1749 Cretensis,
2100 1697 2289 1750 Lemnia,
2315 1698 2429 1741 'Pau-

430 1777 532 1825 rica‚
559 1771 792 1814 Brauronia
818 1793 872 1800 —
896 1768 1201 1809 adnumeranda
1228 1775 1304 1818 est,
1332 1768 1413 1809 hoc
1437 1770 1613 1811 maxime
1638 1770 1905 1811 memorabile
1922 1770 2142 1825 reperitur,
2169 1770 2282 1825 quod
2298 1770 2428 1827 impe-

430 1848 535 1890 rium
563 1844 773 1901 quoddam
799 1843 1030 1894 mulierum,
1058 1844 1203 1896 utique
1230 1843 1416 1883 sensibus
1443 1843 1549 1883 viros
1574 1844 1884 1896 praestantium,
1916 1843 2120 1897 religione
2146 1850 2429 1886 consecratum

431 1920 652 1962 habebant.
707 1917 904 1971 Longum
932 1919 996 1956 est
1022 1918 1160 1956 autem
1188 1918 1230 1956 et
1257 1914 1307 1956 ab
1334 1915 1544 1970 proposito
1573 1916 1765 1967 alienum,
1802 1915 1857 1956 ‹le
1890 1920 2073 1957 veterum
2106 1922 2429 1970 γυναικοκρατείᾳ

434 1999 477 2034 et
504 1992 560 2034 de
586 1990 857 2032 Amazonibus
889 1988 931 2029 h.
957 1988 984 2028 l.
1011 1988 1178 2028 uberius
1213 1988 1444 2043 disputare:
1471 1994 1514 2030 et
1538 1988 1738 2030 sufficere
1759 1986 1908 2040 credo,
1949 2002 2066 2031 veras
2101 1988 2190 2043 ejus
2215 1990 2278 2031 rei
2305 1991 2427 2032 ratio-

432 2080 506 2108 nes
533 2064 735 2106 indicasse
752 2063 857 2117 ***).
911 2060 1012 2112 Sed,
1041 2062 1230 2116 quoniam
1258 2061 1465 2116 quomodo
1498 2075 1637 2104 rerum
1668 2062 1846 2104 civilium
1884 2067 1927 2103 et
1952 2061 2215 2105 humanitatis
2246 2063 2428 2105 rationes

430 2140 535 2183 haec
562 2137 821 2181 constituerit
845 2136 1012 2191 religio,
1040 2136 1194 2191 ubique
1221 2135 1492 2191 repetendum
1518 2137 1586 2189 sit,
1611 2136 1693 2178 hoc
1719 2136 1815 2178 addi
1841 2136 1981 2188 debet,
2008 2137 2050 2179 in
2068 2136 2166 2178 Asia
2182 2136 2427 2180 occidentali

431 2213 675 2256 muliebrem
700 2225 857 2262 sexum,
884 2211 926 2252 in
953 2210 1140 2252 orientali
1166 2210 1263 2251 Asia
1288 2210 1452 2251 omnino
1480 2211 1682 2261 servilem,
1721 2210 1784 2251 sui
1806 2209 1910 2267 juris
1937 2209 2030 2250 fleri
2063 2214 2254 2264 coeptum
2287 2224 2427 2266 quum,

431 2292 478 2330 nt
503 2292 664 2329 taceam
691 2283 747 2326 de
775 2283 907 2328 Gallis
931 2282 1120 2339 Cybelae
1145 2297 1192 2323 se
1218 2283 1491 2334 evirantibus,
1518 2285 1691 2325 Veneris
1722 2284 1926 2338 religione
1959 2284 2004 2325 in
2038 2284 2300 2335 australibus,
2338 2292 2425 2326 tum

432 2360 636 2416 religione
660 2358 819 2410 Lunae,
847 2356 966 2414 cnjus
993 2357 1072 2399 vim
1098 2355 1266 2411 propius
1290 2355 1344 2400 ,ad
1371 2371 1417 2398 se
1443 2358 1653 2412 pertinere
1674 2358 1915 2408 sensissent,
1940 2357 1987 2401 ,in
2004 2357 2245 2419 regionibps
2263 2363 2427 2412 septen-

434 2432 697 2476 trionalibus:
725 2432 797 2471 ubi
821 2432 910 2486 ipsa
935 2430 1087 2474 Medea
1119 2429 1340 2472 admodum
1378 2431 1500 2472 virilis
1532 2432 1639 2473 sicut
1672 2431 1856 2473 Anahitis
1891 2436 1935 2474 et
1967 2445 2122 2474 numen
2147 2432 2424 2474 Comanicum.

434 2512 484 2551 In
512 2505 693 2550 Graecia
727 2505 852 2546 etiam
883 2505 1082 2560 Argivae,
1123 2503 1358 2545 Danaidum
1392 2504 1535 2546 fabulis
1569 2505 1832 2547 confirmatae
1867 2504 2059 2561 publicae
2090 2506 2290 2561 rationes,
2328 2505 2426 2547 item

435 2570 729 2634 Spartanorum
755 2577 956 2621 Artemidi
984 2579 1156 2621 Orthiae
1181 2583 1381 2629 sacratae,
1404 2578 1450 2621 in
1477 2579 1557 2620 vita
1584 2579 1741 2634 privata
1764 2572 1965 2621 machales
1986 2578 2214 2635 Sapphonis
2246 2578 2426 2621 rationes

621 2760 651 2797 ·)
673 2758 761 2789 Vide
779 2758 861 2790 Not.
885 2768 917 2797 p.
940 2757 972 2790 5.

621 2810 667 2850 ‘·)
692 2809 811 2846 Stuhn
834 2810 970 2851 System
994 2810 1052 2840 der
1072 2809 1244 2851 Reiigion.
1267 2810 1310 2842 Π.
1333 2810 1368 2843 S.
1390 2810 1455 2844 247
1473 2821 1546 2852 sqq.

623 2862 687 2903 m)
713 2860 839 2904 Nagel‚
861 2862 1070 2894 Geschichte
1091 2863 1151 2894 der
1173 2862 1368 2896 Amazonem
1389 2863 1424 2896 S.
1450 2865 1490 2898 10
1509 2873 1583 2905 sqq.
1663 2900 1669 2903 p
