2711 3352
1066 228 1413 280 -21-

250 371 311 408 tes
331 370 373 407 et
392 362 580 405 Mercurii
601 361 846 403 mentionem
876 372 1012 412 neque
1038 372 1126 399 eam
1152 358 1202 399 ab
1227 358 1303 400 hac
1320 360 1434 413 epica
1460 361 1517 401 ita
1545 360 1819 413 diversamj').
1851 361 1967 412 Apud
1993 362 2229 417 Aristopha-

248 441 501 480 nem’autem
523 435 608 491 jam
636 432 883 474 domesticos
910 431 1018 472 inter
1043 431 1221 485 parietes
1248 433 1463 472 recessisse
1490 435 1689 474 Hecatica
1723 447 1839 473 sacra
1871 438 1914 472 et
1951 433 2121 475 ludibrio
2157 436 2228 476 ha-

248 510 333 550 bita
361 507 663 563 cognoscimus:
690 516 784 545 nam
813 508 929 545 erant
955 503 1042 545 sere
1068 504 1424 558 praestigiatorum
1451 513 1494 547 et
1527 514 1569 547 et
1602 513 1839 560 agyrtarum
1876 506 2002 555 facta,
2039 508 2106 559 qui
2140 516 2225 548 tum

217 630 220 632 ,
246 581 440 623 Asiaticas
475 576 782 632 superstitiones
815 576 856 615 in
890 577 1107 618 Graeciam
1139 577 1449 619 transferebant.
1513 578 1604 624 Qua
1645 585 1778 620 aetate
1810 578 1978 619 Hecate
2013 592 2225 634 magorum

245 650 504 694 Persicorum
544 664 694 689 numen
726 649 903 689 tutelare
935 650 1105 701 facum,
1152 651 1411 705 omniumque
1442 652 1691 705 magicarum
1718 651 1922 705 magistra.
1978 652 2152 693 Maxime
2183 653 2224 693 in

244 729 364 768 lunae
391 725 471 767 vim
498 724 687 764 translata
715 729 797 772 est,
831 737 949 776 quam
976 737 1118 763 revera
1145 723 1232 777 ejus
1262 725 1340 764 vim
1368 725 1714 779 consangvinitate
1740 725 1910 764 naturali
1939 724 2115 779 quadam
2152 725 2222 764 ad-

242 801 407 853 tingere
432 812 553 851 supra
581 795 843 838 ostendimus.
889 795 974 837 Sed
1002 811 1106 850 quae
1133 803 1227 837 sunt
1253 804 1420 839 naturae
1446 813 1619 848 coetae,
1659 812 1709 838 ea
1735 799 1880 843 mentis
1908 798 2102 851 deinceps
2130 798 2221 838 fieri

241 885 410 913 necesse
437 877 510 913 est.
568 869 689 930 Quod
726 883 849 924 quum
883 868 1045 910 Hecate
1076 884 1152 924 per
1186 869 1380 911 Hellenas
1407 872 1555 913 factum
1583 878 1704 921 esset,
1741 871 1933 911 naturalis
1961 871 2048 925 ejus
2075 871 2217 920 forma,

239 945 282 986 in
308 945 430 987 Asiae
459 944 557 984 locis
584 942 760 993 residua,
788 942 830 982 in
859 935 1032 983 Graecia
1057 943 1098 982 in
1125 943 1299 996 privatos
1326 945 1502 997 parietes
1538 949 1579 985 et
1615 943 1858 984 domesticos
1891 958 2078 985 recessus
2112 944 2216 985 inse-

237 1018 357 1056 rioris
383 1018 555 1056 maxime
581 1016 721 1069 populi
747 1015 885 1055 classis
912 1016 1101 1065 recessit,
1136 1029 1209 1054 seu
1241 1017 1374 1070 potius
1410 1017 1464 1055 ibi
1498 1015 1718 1070 permansit
1751 1016 1853 1055 vitae
1887 1015 2135 1057 domesticae
2167 1029 2216 1057 ac

236 1091 475 1131 familiarum
501 1089 675 1140 domina,
703 1088 836 1129 donec
863 1088 1071 1141 disciplina
1095 1089 1251 1143 ingenii
1277 1089 1481 1129 Hellenici
1514 1090 1768 1138 labescente,
1811 1088 1907 1128 inde
1940 1103 1963 1128 a
1993 1090 2215 1143 pelopone-

235 1163 333 1204 siaci
360 1163 458 1203 belli
485 1168 636 1211 aetate,
677 1161 824 1201 iterum
856 1161 1011 1200 recenti
1045 1161 1083 1199 vi
1115 1161 1277 1212 publice
1309 1162 1449 1214 vigere
1484 1162 1629 1215 coepit.
1693 1162 1868 1216 Mystica
1900 1175 2015 1202 sacra
2048 1168 2214 1215 praeter

232 1236 443 1277 Eleusinia
469 1242 553 1276 tum
580 1233 795 1274 interdicta
822 1232 987 1285 quidem
1018 1232 1201 1286 publice,
1239 1233 1312 1273 sed
1343 1233 1554 1274 Aeschinis
1591 1238 1733 1285 mater,
1767 1236 1973 1288 Empusae
2005 1234 2210 1283 sacerdos,

230 1313 323 1362 post
349 1308 501 1348 Ninum
528 1312 659 1346 morte
686 1305 912 1355 multatam,
941 1305 1178 1345 constituta:
1206 1309 1251 1344 ut
1279 1311 1506 1358 appareret,
1536 1306 1689 1346 animos
1718 1306 1841 1361 epicis
1870 1312 1911 1348 et
1928 1306 2106 1361 plasticis
2134 1322 2210 1349 seu

231 1382 462 1422 aestheticis
490 1381 658 1419 deorum
685 1379 821 1418 formis
849 1392 930 1418 non
949 1379 1036 1431 jam
1064 1379 1331 1428 acquiescere.
1385 1379 1538 1417 Eorum
1571 1380 1678 1418 enim
1715 1380 1886 1419 deorum
1924 1380 1981 1418 vis
2018 1392 2113 1419 vere
2148 1379 2210 1419 di-

231 1454 320 1493 vina
338 1452 389 1493 ab
410 1450 631 1492 artificibus
650 1450 723 1490 sub
742 1450 874 1490 lucem
890 1448 1098 1501 proposita
1116 1463 1140 1488 a
1157 1454 1294 1488 mente
1312 1448 1519 1488 hominum
1537 1450 1794 1502 sagaciorum
1815 1452 1871 1490 ita
1888 1451 2207 1503 percipiebatur,

230 1533 275 1567 ut
301 1538 393 1566 mox
422 1523 535 1577 quasi
563 1521 866 1569 absorberetur,
896 1526 940 1576 et
966 1533 1015 1558 ea
1043 1533 1147 1572 quae
1173 1520 1317 1559 mentis
1346 1520 1452 1560 facta
1479 1526 1607 1570 erant,
1635 1514 1765 1561 vivido
1785 1529 1871 1562 tum
1895 1523 2034 1563 colore
2053 1523 2203 1574 divino,

228 1613 308 1654 quo
341 1596 517 1637 artifices
549 1607 620 1633 eos
654 1593 883 1632 imbuerant
914 1598 958 1632 et
990 1592 1263 1645 repleverant,
1305 1591 1600 1643 spoliabantur,
1648 1597 1693 1631 ut
1719 1592 1758 1632 in
1797 1594 2028 1635 umbrarum
2055 1596 2203 1637 formas

228 1672 386 1712 abirent
411 1666 740 1723 philosophorum
766 1665 937 1705 maxime
963 1664 1272 1704 scrutationibus
1300 1669 1342 1702 et
1368 1664 1711 1714 explicationibus,
1769 1665 1861 1709 Quo
1887 1666 2039 1707 sactum
2067 1674 2130 1707 est
2157 1676 2204 1708 ut

222 1740 496 1786 Hecatombas
524 1751 605 1777 non
625 1737 710 1793 jam
739 1737 1030 1778 desiderarent.

406 1813 465 1853 Et
490 1834 543 1839 —
569 1815 614 1849 ut
635 1810 719 1864 jam
746 1810 799 1850 de
827 1810 1095 1851 venerationis
1123 1808 1243 1849 modo
1271 1808 1429 1861 reliqua
1446 1806 1637 1848 addamus
1655 1832 1709 1842 —-
1727 1809 1874 1850 dicitur
1891 1810 1977 1865 jam
2005 1812 2198 1866 Orpheus

222 1883 480 1943 quodamodo
505 1881 730 1938 mitioribus
756 1881 955 1923 alimentis
988 1881 1088 1922 deos
1127 1880 1339 1921 nutrivisse
1375 1887 1417 1921 et
1450 1887 1617 1922 cruenta
1653 1884 1837 1923 sicrificia
1872 1886 2075 1938 abrogare
2111 1895 2195 1927 stu-

221 1960 380 2002 duisset
408 1969 514 2013 quae
542 1960 711 1995 cruenta
737 1954 934 1995 sacrificia
959 1955 1002 1995 in
1030 1953 1206 1995 Thracia
1233 1959 1275 1993 et
1291 1953 1387 1994 Asia
1410 1953 1712 2007 septentrionali
1737 1954 1859 1996 etiam
1877 1955 2049 1998 humana
2066 1967 2194 2005 erant,

219 2034 268 2074 ut'
290 2033 333 2072 in
359 2031 469 2070 cultu
496 2026 714 2067 Artemidis
740 2027 997 2082 Tauropolae
1025 2039 1129 2081 quae
1156 2026 1243 2080 ipsa
1269 2031 1355 2066 erat
1374 2025 1424 2067 ab
1453 2025 1567 2067 initio
1590 2026 1753 2068 Hecate
1767 2026 1845 2076 **).
1899 2027 2101 2071 Sensuum
2126 2030 2194 2083 pio

221 2107 331 2145 cultu
357 2110 400 2142 et
425 2099 646 2147 cantando,
682 2100 909 2151 precando,
946 2099 1153 2138 lustrando
1182 2099 1372 2150 Orpheus
1407 2099 1506 2138 deos
1542 2101 1774 2152 spirituales
1808 2101 1987 2138 venerari
2024 2100 2192 2151 docens,

219 2184 262 2219 et
288 2174 510 2230 orgiastico
543 2172 723 2213 cultuum
749 2170 895 2224 generi
929 2170 1039 2224 quod
1066 2170 1237 2210 maxime
1265 2169 1437 2210 Sabazio
1465 2170 1670 2210 addictum
1704 2185 1752 2211 ex
1780 2170 1963 2225 Phrygia
1990 2172 2030 2212 in
2057 2174 2187 2213 Thra-

218 2251 320 2291 ciam
348 2249 605 2301 pervenerat,
631 2243 822 2284 resistens
850 2248 891 2283 et
917 2243 1156 2296 impugnans
1183 2242 1329 2282 multos
1346 2241 1487 2282 habuit
1505 2240 1765 2282 adversarios.
1818 2242 2035 2298 Adjutores
2051 2252 2185 2285 antem

216 2335 308 2362 mox
336 2318 562 2360 existebant
590 2317 628 2355 ei
656 2330 681 2355 e
706 2315 955 2369 philosophis
981 2315 1116 2369 primis
1143 2316 1315 2356 maxime
1342 2314 1633 2369 pythagoraei.
1659 2337 1713 2343 -
1746 2314 1829 2353 Sed
1863 2316 2095 2369 priusquam
2130 2318 2185 2358 de

216 2393 398 2449 Orpheo,
426 2389 641 2446 peculiaris
669 2388 838 2429 deorum
856 2388 1120 2430 venerationis
1148 2394 1328 2439 auctore,
1354 2388 1469 2441 plura
1487 2386 1632 2438 dicam,
1661 2400 1827 2428 necesse
1846 2394 1910 2429 est
1935 2395 1982 2429 ut
1998 2387 2182 2440 doceam,

394 2539 427 2579 ·)
449 2536 572 2569 marm.
598 2536 687 2577 1.1.,
709 2541 743 2568 et
763 2536 877 2569 schot.
906 2537 1021 2579 Apou.
1048 2536 1116 2568 nh.
1143 2536 1203 2568 111.
1234 2537 1309 2584 46⁷:
1351 2523 1547 2575 Περσηΐὸα
1577 2518 1644 2575 τὴν
1678 2520 1849 2575 Ἑκάτην
1882 2525 1980 2575 λέγει
2017 2522 2070 2570 ὡς
2107 2530 2181 2566 τοῦ

210 2592 392 2643 Περσέως
416 2589 625 2640 θυγατέρα.
680 2587 793 2632 Τινὲς
820 2588 862 2628 δὲ
889 2585 1008 2639 αὐτήν
1038 2601 1134 2635 φασι
1162 2582 1253 2632 Διὸς
1280 2587 1374 2625 εἰναι
1400 2586 1530 2626 παῖδα.
1578 2583 1653 2626 Ἐν
1687 2584 1729 2626 δὲ
1753 2591 1831 2631 τοῖς
1860 2582 2072 2637 Ὀρφικοῖς
2108 2588 2180 2641 Δῆ-

211 2669 354 2706 μητρος
379 2652 663 2706 γενεαλογεῒται·
691 2651 758 2690 καὶ
782 2648 872 2691 τίτε
898 2646 946 2703 δὴ
969 2645 1141 2703 (Εκατὴν
1161 2645 1247 2702 Anni
1273 2651 1373 2688 τέκεν
1393 2645 1647 2700 εὐπατέρειαν.
1688 2648 1933 2700 Βακχυλίδης
1961 2651 2002 2691 δὲ
2020 2652 2178 2698 Νυκτός

212 2732 323 2770 φησιν
350 2711 470 2769 ἀυτὴν
487 2711 881 2766 θυγατέρα·(Εκάτα,
909 2711 1142 2766 δᾳδοφῆρου
1162 2707 1320 2756 Νυκτὸς
1338 2709 1635 2763 μεγαλοκόλπου
1652 2709 1834 2764 θύγατερ.
1888 2713 2093 2759 Μουσαῖος
2119 2716 2173 2765 δὲ,

218 2781 399 2830 Accepta:
423 2778 491 2818 καὶ
515 2775 615 2823 Διός.
671 2775 891 2830 Φερεκύδης
918 2779 980 2829 δὲ,
1012 2775 1234 2829 Ἀρισταίου
1267 2777 1340 2814 τοῦ
1376 2774 1561 2821 Παίονος.
1614 2786 1665 2818 ne
1692 2785 1822 2819 Musaei
1851 2786 2002 2819 doctrina
2030 2788 2174 2829 loquitur

206 2847 251 2879 id.
272 2845 331 2877 111.
355 2843 446 2878 1035.

389 2905 436 2943 ⁸‘)
457 2903 498 2936 V.
516 2903 623 2943 Orph.
637 2904 764 2944 Argon.
780 2902 853 2936 904.
870 2903 943 2935 960.
977 2902 1098 2934 Athen.
1113 2901 1155 2932 1).
1172 2900 1244 2934 Vn.
1261 2901 1337 2933 325.
1353 2901 1393 2932 Β.
1416 2901 1473 2932 Gr.
1488 2899 1665 2941 Lexicogr.
1682 2910 1709 2931 ι.
1725 2911 1756 2930 v.
1776 2886 1935 2928 Ἀνταία
1951 2886 2169 2932 et’Erodc'a.
