2711 3352
1120 218 1442 271 -9-

289 356 394 412 signi
423 355 482 396 vis
509 354 551 395 in
577 355 749 411 symboli
777 355 855 395 vim
882 357 925 393 et
952 357 1136 393 naturam
1163 352 1370 393 transibat.
1427 353 1519 400 Qua
1546 359 1681 394 aetate
1699 354 1876 404 Hecate,
1905 357 1950 393 ut
1977 356 2177 395 occultum
2199 369 2272 396 nu—

288 443 382 470 men
409 428 450 469 in
477 429 613 479 antris,
642 428 776 483 qualia
803 426 924 467 etiam
950 426 1199 467 Homericae
1234 425 1327 467 illae
1361 426 1516 467 formae
1550 427 1752 477 habitant,
1795 435 1838 468 et
1866 433 2065 468 nocturno
2092 435 2272 481 tempore

289 503 367 542 coli
395 510 553 555 coepta,
582 503 688 540 sicut
715 500 911 549 AnahitiS,
939 500 1105 540 Mithras
1133 501 1181 540 al.
1212 500 1253 540 in
1280 501 1389 549 Asia,
1418 507 1564 554 atque,
1601 508 1742 553 utpote
1778 502 1818 541 in
1854 502 1992 550 coelo,
2021 509 2143 549 terra,
2172 504 2269 541 mari

288 574 510 624 dominans,
539 573 690 627 triceps
719 573 828 613 sacta
857 578 899 613 et
927 573 1093 613 canibus
1120 572 1313 627 insignita
1340 578 1416 623 est,
1445 573 1551 613 sicut
1570 572 1752 613 Hecatos
1780 574 1861 629 lupi
1891 579 2035 614 natura
2053 574 2272 627 specieque

290 647 510 700 (Λυκαῖος)
540 646 807 699 significatus.
860 647 918 687 Et
944 646 1037 686 nolo
1067 646 1231 700 quidem
1260 646 1311 687 de
1340 654 1549 688 antrorum
1578 647 1846 699 nocturnique
1884 647 2078 700 temporis
2115 646 2272 699 signifi>

287 723 446 764 catione
464 719 511 773 *)
543 725 612 760 aut
639 719 691 760 de
719 720 842 762 sacris
870 720 1052 761 Hecates
1080 719 1132 761 ad
1169 720 1251 761 vias
1288 725 1330 761 et
1365 722 1407 761 in
1444 719 1570 761 triviis
1600 720 1672 759 ubi
1711 719 1898 773 sepulcra
1933 727 2272 774 mortuorumque

285 798 546 834 monumenta
572 797 702 843 erant,
731 797 774 833 et
800 793 840 833 in
869 791 995 833 foveis
1022 793 1261 848 plerumque
1289 808 1379 834 cum
1407 793 1602 849 sangvine
1630 793 1724 833 olim
1759 792 1949 843 hominis,
1991 799 2134 845 postea
2163 793 2270 847 nigri

285 866 446 920 pecoris
476 866 537 919 (v.
565 866 795 918 interprett.
825 865 876 905 ad
906 865 1027 906 Ovid.
1057 867 1155 906 Met.
1186 867 1275 907 VII.
1305 870 1382 909 243
1410 868 1492 921 sq.)
1522 866 1639 907 factis
1666 866 1776 919 loqui
1805 871 1875 905 aut
1902 864 1955 905 de
1983 865 2093 905 canis
2121 872 2162 904 et
2186 866 2269 919 lupi

284 938 468 992 symbolo
496 939 552 978 ita
579 951 782 992 exponere
811 945 855 978 ut
882 951 930 977 ex
959 940 1224 979 Asiaticarum
1252 940 1498 993 religionum
1526 952 1697 991 genere,
1729 952 1809 990 quo
1837 939 1947 977 canis
1974 945 2016 977 et
2043 938 2159 990 lupus
2188 939 2269 976 tre-

287 1010 591 1064 quentissimum
626 1017 794 1051 naturae
826 1012 984 1065 divinae
1017 1025 1092 1064 per
1117 1013 1384 1052 remotissima
1419 1017 1463 1051 et
1499 1011 1771 1051 occultissima
1800 1024 1986 1064 quaeque
2015 1011 2185 1049 maxime
2215 1011 2268 1048 vi·

286 1081 359 1135 gili
386 1087 586 1137 acutaque
614 1083 703 1124 acie
728 1084 978 1137 penetrantis
1006 1090 1048 1124 et
1065 1084 1220 1126 scelera
1240 1084 1491 1133 vindicantis,
1522 1084 1693 1124 maxime
1713 1082 1911 1137 pejurium
1933 1089 1975 1123 et
1992 1082 2268 1135 parricidium.

287 1155 508 1207 (Hecates,
536 1156 863 1210 Fernwirkerin)
893 1156 1121 1212 symbolum
1149 1161 1250 1207 erat,
1280 1163 1349 1196 aut
1375 1170 1497 1196 canes
1526 1162 1567 1196 et
1595 1157 1677 1209 lupi
1707 1170 1757 1195 ea
1775 1155 1828 1195 (le
1847 1169 1967 1195 causa
1987 1155 2191 1194 numinum
2211 1155 2268 1194 in-

286 1232 371 1267 star
396 1228 645 1277 colebantur,
675 1228 783 1280 quod
810 1230 838 1266 ii
866 1230 971 1267 illam
1000 1230 1092 1278 vim,
1122 1243 1241 1282 quam
1269 1230 1358 1268 aliis
1384 1229 1543 1283 populis
1573 1228 1727 1281 lapides
1745 1228 1959 1277 herbaeve,
1987 1228 2164 1267 siderum
2185 1241 2268 1267 ma-

285 1298 392 1337 xime
410 1312 598 1348 munere,
627 1298 835 1352 accepisse
854 1298 1114 1349 videbantur,
1144 1300 1277 1340 omnia
1296 1314 1399 1354 quae
1419 1300 1500 1339 huc
1518 1301 1725 1354 pertinent
1743 1300 1901 1340 afferre.
1950 1299 2073 1339 Canis
2099 1299 2206 1338 enim
2226 1304 2270 1338 et

285 1371 403 1421 lupus
432 1371 779 1422 consangvinitate
806 1371 1011 1424 conjuncti
1040 1371 1220 1423 quidem,
1248 1371 1322 1409 sed
1350 1372 1390 1409 in
1418 1372 1640 1424 symbolico
1670 1386 1827 1423 genere
1854 1374 1972 1423 lupus
2001 1384 2124 1422 saepe
2152 1372 2271 1409 etiam

286 1441 338 1481 ad
366 1442 498 1481 lucem
527 1447 569 1481 et
598 1443 718 1481 vitam
744 1443 952 1493 pertinere
979 1443 1157 1481 videtur:
1191 1443 1377 1494 Aeschyl.
1406 1444 1517 1493 Sept.
1547 1442 1598 1480 ad
1628 1458 1659 1479 v.
1688 1442 1818 1480 Theb.
1850 1447 1925 1483 175
1948 1443 2010 1480 cll.
2040 1444 2268 1493 interprett.

286 1512 337 1553 ad
366 1512 550 1565 Choeph.
580 1516 659 1555 258
685 1527 772 1565 sqq.
802 1517 878 1554 405
908 1525 1020 1565 sqq.,
1064 1512 1172 1552 canis
1201 1512 1252 1551 ad
1280 1517 1441 1552 noctem
1470 1513 1610 1561 modo,
1653 1513 1804 1552 luctum
1837 1519 2090 1566 mortemque
2118 1514 2270 1553 relatus

287 1598 388 1625 esse.
441 1583 500 1625 Et
527 1584 636 1624 canis
665 1583 828 1638 quidem
858 1590 1032 1634 noctem,
1064 1584 1215 1624 luctum
1243 1589 1499 1639 mortemque
1526 1583 1776 1639 significans,
1806 1584 1928 1625 etiam
1956 1585 2113 1625 ultimas
2134 1591 2270 1625 terrae

286 1671 378 1697 oras
406 1658 551 1710 quibus
578 1670 750 1710 regnum
776 1658 916 1697 mortis
945 1657 1070 1695 initur
1096 1657 1260 1694 indicat.
1323 1657 1436 1694 Hinc
1469 1658 1594 1696 Hom.
1632 1658 1677 1695 ll.
1715 1658 1827 1697 VIII.
1867 1661 1956 1698 366.
1996 1662 2058 1698 67.
2088 1653 2170 1696 εὖτέ
2207 1673 2268 1707 μιν

287 1725 339 1774 εἷς
367 1729 492 1770 Αίδαο
520 1727 721 1778 πυλάρταο
750 1726 992 1778 προῦπεμψεν
1020 1726 1057 1780 ἐξ
1081 1725 1280 1779 Ἐρέβευς,
1309 1719 1448 1778 ἥξοντα
1476 1724 1574 1765 κύνα
1604 1730 1788 1778 στυγεροῦ
1814 1725 1979 1770 Ἀίδαοε
2010 1729 2088 1768 vid.
2127 1731 2267 1783 Heyn.

287 1801 424 1842 adnot.
452 1799 504 1841 ad
532 1800 570 1840 h.
599 1800 624 1839 l.
655 1806 697 1840 et
725 1799 777 1840 ad
807 1799 990 1853 Apollod.
1019 1813 1057 1852 p.
1085 1802 1177 1842 428.
1232 1798 1344 1838 Misit
1372 1812 1421 1838 eo
1448 1798 1555 1839 Juno
1586 1800 1731 1853 Argiva
1762 1800 2013 1850 Herculem3
2042 1808 2084 1841 et
2108 1801 2216 1841 Mela
2236 1801 2266 1841 1.

287 1878 351 1923 19,
380 1876 439 1914 7.:
481 1872 522 1911 in
557 1886 606 1911 eo
636 1872 791 1919 (Ponto
819 1872 1003 1919 Euxino)
1041 1871 1213 1924 primum
1240 1870 1493 1924 Mariandyni
1522 1872 1666 1910 urbem
1694 1871 1895 1920 habitant,
1938 1874 1988 1912 ab
2026 1875 2194 1925 Argivo,
2223 1881 2269 1913 ut

285 1946 436 1996 serunt,
463 1944 648 1986 Hercule
676 1944 821 1984 datam.
874 1944 1080 1984 Heraclea
1108 1944 1328 1992 vocitatur:
1370 1943 1410 1983 id
1446 1943 1579 1983 famae
1616 1943 1738 1982 fidem
1767 1944 1919 1999 adjicit.
1975 1946 2099 1985 Juxta
2124 1960 2269 1998 specus

287 2024 350 2058 est
374 2016 612 2067 Acherusia,
641 2017 692 2056 ad
719 2018 876 2067 Manes,
905 2024 949 2058 ut
978 2018 1104 2072 ajunt,
1132 2017 1312 2070 pervius,
1352 2021 1473 2070 atque
1502 2016 1596 2056 inde
1624 2023 1848 2058 extractum
1877 2019 2104 2059 Cerberum
2133 2019 2270 2058 existi-

286 2091 434 2132 mant.”
499 2089 564 2131 Cf.
599 2089 786 2130 strabon.
815 2090 909 2129 XII.
964 2090 1127 2130 Nomen
1156 2089 1328 2129 Cerberi
1357 2089 1531 2130 fortasse
1559 2090 1609 2128 ab
1639 2089 1780 2129 eadem
1817 2089 1955 2130 radice
1994 2089 2101 2130 unde
2134 2092 2270 2140 κέρεος

288 2174 352 2214 ap.
381 2162 511 2216 Apoll.
540 2161 620 2202 Rh.
647 2161 681 2201 Ι.
710 2163 801 2203 917.
831 2160 1016 2210 ductum;
1045 2160 1172 2200 forma
1200 2159 1287 2215 ejus
1315 2161 1462 2213 triceps
1490 2167 1536 2200 ut
1562 2161 1762 2200 Hecatae.
1824 2162 1883 2202 Et
1917 2168 2065 2215 gentes
2092 2162 2267 2216 Mongo-

288 2236 391 2274 licae
420 2235 538 2274 simul
567 2248 658 2273 curn
684 2234 825 2286 priscis
852 2233 982 2274 Medis
1010 2247 1056 2273 ac
1084 2233 1221 2272 Persis
1250 2247 1392 2272 canem
1420 2238 1656 2272 venerantes
1684 2232 1962 2274 daemonicam
1999 2234 2106 2273 illam
2134 2241 2177 2273 et
2203 2248 2267 2272 ar-

290 2321 428 2348 canam
457 2306 646 2347 colebant
673 2306 751 2345 vim
779 2305 965 2345 divinam.
1014 2306 1145 2350 Quam
1163 2304 1241 2344 vim
1262 2305 1369 2344 inter
1389 2307 1569 2345 Graecos
1589 2306 1778 2344 Socrates
1800 2307 1925 2345 menti
1944 2321 2042 2346 suae
2061 2306 2267 2346 vindicare

289 2378 457 2429 studuit,
477 2378 589 2432 quasi
608 2378 649 2417 in
663 2378 891 2417 libertatem
906 2377 1107 2431 quandam
1122 2375 1404 2416 vindicaturus.
1433 2379 1566 2429 Atque
1586 2376 1695 2415 cultu
1716 2390 1804 2416 eam
1824 2377 2000 2431 quodam
2015 2392 2267 2433 prosequens

283 2453 514 2507 juramento
540 2446 585 2503 νὴ
613 2446 681 2489 τὸν
709 2448 808 2489 κύνα
837 2450 995 2491 videtur
1022 2464 1116 2490 usus
1155 2463 1265 2499 esse,
1305 2449 1375 2502 qui
1401 2446 1504 2487 κύων
1534 2448 1621 2502 ejus
1650 2449 1905 2490 daemonium
1933 2465 2023 2490 esse
2045 2451 2130 2506 jam
2158 2452 2268 2491 visus

291 2532 355 2566 est
380 2524 590 2576 interpreti
617 2523 848 2563 doctissimo
877 2522 1112 2563 Platonicae
1146 2522 1383 2575 apologiae:
1426 2520 1504 2561 vid.
1543 2521 1686 2561 Stallb.
1723 2522 1858 2563 adnot.
1894 2524 1945 2562 ad
1979 2524 2095 2578 Apol.
2133 2526 2167 2576 ᾗ.
2201 2530 2266 2566 22.

290 2598 339 2638 Id
366 2597 545 2639 Socratis
572 2585 749 2637 studium
775 2610 849 2650 per
876 2596 1104 2646 Platonem,
1132 2595 1389 2636 Aristotelem
1416 2599 1661 2649 ceterosque
1686 2595 1943 2649 philosophos
1969 2598 2199 2651 vulgarium
2218 2613 2265 2637 ex

291 2669 493 2713 Mercurio
520 2674 563 2712 et
588 2669 751 2711 Hecate
777 2674 960 2711 ortorum
987 2668 1158 2711 deorum
1194 2673 1464 2710 contemtores
1503 2667 1706 2723 divinique
1740 2668 1845 2710 illius
1881 2670 1994 2724 genii
2030 2685 2105 2726 per
2131 2685 2266 2712 rerum

539 2812 724 2820 m—

477 2898 507 2938 ·)
530 2897 645 2930 schol.
667 2899 775 2939 Apou.
799 2900 865 2931 nh.
888 2899 951 2932 111.
974 2900 1047 2933 847.
1092 2887 1239 2939 Νυχίαν
1269 2887 1310 2928 δὲ
1339 2879 1437 2928 εἶπεν
1461 2902 1524 2931 cet.
