2711 3352
1122 231 1445 285 .-’9-

288 366 397 425 signi
425 367 486 410 vis
511 367 555 409 in
579 368 753 425 symboli
778 368 858 414 vim
884 370 928 407 et
953 370 1138 407 naturam
1164 365 1373 408 transihat.
1430 366 1522 414 Qua
1537 371 1684 408 ‘aetate
1700 366 1879 418 Hecate,
1906 369 1953 407 ut
1979 368 2180 409 occultum
2200 380 2275 410 nu·
2333 382 2345 389 ‘

285 453 385 483 'men
410 441 453 481 in
472 431 617 492 antris,
644 439 779 496 qualia
805 436 1201 480 etiamfflomericae
1236 438 1331 480 illac
1362 437 1518 480 formae
1551 440 1755 490 habitant,
1797 447 1841 480 et
1868 446 2067 480 nocturno
2093 447 2274 494 tempore

289 514 370 555 coli
397 521 556 568 coepta,
584 515 691 553 sicut
717 510 914 562 Anahitis,
940 511 1109 553 Mithres
1135 510 1191 553 al.·
1213 512 1256 553 in
1282 509 1392 562 Asia,
1420 515 1567 567 atque,
1602 519 1746 566 utpote
1780 514 1821 554 in
1856 513 1994 563 coelo,
2023 521 2146 562 terra,
2164 516 2272 555 'mari

289 586 513 637 dominans,
541 585 694 639 triceps
721 585 831 627 sacta
858 591 902 626 et
929 585 1096 626 canibus
1114 584 1315 640 ‘insignita
1342 590 1418 636 est,
1447 585 1554 626 sicut
1571 584 1755 626 Hecatos
1781 586 1864 642 lupi
1893 591 2038 628 natura
2054 586 2274 640 specieque

292 658 517 713 (Λυκαῖος)
541 657 811 712 significatus.
859 657 921 700 Et
946 657 1039 698 nolo
1068 657 1234 714 quidem
1261 657 1314 700 de
1342 665 1552 700 antrorum
1579 658 1849 713 nocturnique
1885 659 2081 714 temporis
2117 658 2274 712 signiti-

289 733 449 779 catione
465 731 514 784 ¹⁸¹)
545 736 615 771 aut
641 730 694 772 de
721 731 845 774 sacris
872 730 1055 772 Hecates
1082 731 1135 772 ad
1171 732 1254 773 viu
1290 736 1333 772 et
1367 733 1410 772 in
1446 731 1573 772 triviis
1602 730 1675 770 ubi
1713 730 1901 785 sepulcra
1934 738 2274 785 mortuorumque

287 809 549 845 monumenta
574 808 705 855 erant,
732 808 777 844 et
802 804 844 844 in
871 803 999 844 foveis
1024 804 1264 859 plerumque
1291 819 1382 846 cum
1408 805 1605 861 sangvine
1632 804 1727 844 olim
1760 804 1951 855 hominis,
1992 810 2137 857 postea
2164 805 2272 858 nigri

287 877 450 932 pecoris
478 878 540 931 (v.
568 877 798 930 interprett.
827 876 880 917 ad
908 876 1030 919 ovid.
1059 878 1158 918 Met.
1187 878 1277 919 VII.
1306 882 1386 921 243
1412 879 1495 933 sq.)
1523 878 1642 918 factis
1668 877 1779 931 loqui
1807 883 1878 917 aut
1904 875 1957 917 de
1984 877 2096 917 canis
2123 884 2165 917 et
2188 877 2271 931 lupi

286 949 472 1005 symbolo
498 947 555 990 ita
581 949 785 1005 esponere
812 956 859 990 ut
884 962 933 990 ex
961 950 1238 992 Asiaticorum
1254 951 1501 1006 religionum
1528 963 1700 1005 genere,
1730 963 1811 1003 quo
1839 950 1950 990 canis
1976 956 2019 990 et
2044 950 2162 1003 lupus
2189 950 2272 990 tre-

289 1018 594 1076 quentissimum
628 1028 796 1064 naturae
828 1023 988 1064 divinae
1019 1037 1095 1077 per
1120 1021 1387 1065 remotissima
1421 1029 1466 1064 et
1501 1023 1774 1063 occultissima
1801 1035 1989 1077 quaeque
2017 1023 2188 1062 maxime
2216 1023 2271 1061 vi.

288 1093 362 1148 gili
388 1099 589 1150 acuteque
616 1096 706 1137 acie
730 1097 981 1151 penetrant-is
1006 1102 1051 1137 et
1068 1097 1223 1139 scelera
1242 1097 1494 1147 vindicantis,
1524 1097 1695 1138 maxime
1714 1095 1914 1150 pejurium
1934 1101 1977 1136 et
1994 1095 2271 1149 parricidium,

289 1167 511 1219 (Hecates,
538 1168 866 1223 Fcrnwirkerin)
895 1168 1124 1224 symbolum
1151 1173 1259 1220 erat,
1282 1175 1352 1210 aut
1377 1183 1500 1210 canes
1527 1174 1571 1209 et
1596 1169 1680 1222 lupi
1709 1183 1760 1209 ea
1777 1167 1831 1209 de
1848 1181 1970 1208 causa
1988 1168 2193 1208 numinum
2213 1168 2271 1207 in-

288 1244 374 1280 star
398 1240 648 1290 colebantur,
677 1240 787 1293 quod
812 1242 841 1279 ii
867 1242 974 1281 illam
1002 1242 1095 1292 vim,
1123 1256 1244 1295 quam
1271 1243 1361 1282 aliis
1386 1241 1546 1296 populis
1575 1241 1729 1295 lapides
1747 1241 1962 1291 herbaere,
1988 1240 2167 1281 siderum
2187 1254 2270 1281 ma-

287 1311 395 1351 xime
412 1324 601 1361 munere,
628 1310 838 1364 accepisse
856 1312 1117 1362 videbantur-3
1147 1311 1280 1353 ‘omnia
1298 1322 1403 1367 quae
1421 1313 1503 1353 huc
1520 1314 1728 1367 pertinent
1745 1313 1903 1353 afferre.
1951 1312 2076 1352 Canis
2100 1313 2209 1351 enim
2227 1317 2273 1352 et

287 1383 406 1436 lupus
434 1382 784 1436 consangvinilate
808 1383 1024 1437 conjuncti·
1042 1381 1223 1437 quidem,
1250 1383 1325 1423 sed
1340 1383 1393 1423 in
1420 1385 1643 1438 symbolice
1671 1399 1829 1436 genere
1855 1386 1975 1437 lupus
2002 1397 2127 1435 saepe
2154 1385 2274 1424 etiam

288 1453 341 1495 ad
367 1454 501 1495 lucem
529 1459 573 1495 et
600 1454 721 1495 vitam
746 1455 955 1508 pertinere
982 1454 1160 1495 videtum
1193 1454 1380 1508 Aeschyl.
1407 1456 1520 1507 Sept.
1548 1454 1600 1495 ad
1629 1470 1662 1494 v.
1690 1454 1822 1494 Theb.
1852 1458 1928 1497 175
1950 1455 2012 1494 cll.
2041 1456 2271 1508 interprett.

288 1525 341 1566 ad
368 1525 554 1579 Choeph.
582 1529 663 1568 258
688 1539 776 1579 sqq.
804 1529 882 1568 405
911 1538 1023 1579 sqq„
1065 1524 1176 1565 canis
1203 1525 1255 1564 ad
1282 1530 1444 1566 noctem
1472 1526 1614 1575 modo,
1654 1526 1808 1565 luctum
1839 1532 2093 1580 mortemque
2120 1527 2273 1567 relatus

289 1613 391 1640 esse.
444 1598 504 1640 Et
529 1598 639 1639 canis
667 1598 831 1653 quidem
860 1605 1036 1649 noctem,
1066 1598 1218 1640 luctum
1245 1604 1502 1653 mortemque
1528 1598 1778 1654 significans,
1808 1599 1931 1640 etiam
1958 1600 2116 1640 ultimas
2136 1606 2273 1641 terrae

288 1685 381 1711 oras
408 1671 554 1725 quibus
580 1684 753 1725 regnum
778 1671 919 1710 mortis
947 1671 1074 1709 initur
1098 1670 1263 1708 indicat.
1325 1671 1438 1708 Hinc
1470 1671 1596 1710 Hom.
1634 1671 1680 1709 ll.
1718 1671 1830 1711 VIII.
1868 1674 1959 1712 366.
1998 1676 2060 1713 67.
2089 1667 2174 1711 εὖτέ
2209 1687 2271 1723 μιν

289 1739 342 1790 εἷς
369 1744 495 1786 Α’ίδαο
523 1742 724 1794 πυλάρταο
752 1741 995 1794 προῦπεμψεν
1022 1741 1061 1796 ἐξ
1082 1740 1283 1796 Ἐρέβευς,
1310 1733 1451 1794 ἕξοντα
1478 1739 1577 1782 κύνα
1605 1746 1792 1795 στυγεροῦ
1816 1740 1982 1787 Ἀίδαοε
2011 1745 2091 1785 vid.
2128 1747 2269 1800 Heyn.

289 1816 427 1857 adnot.
454 1814 508 1856 ad
534 1815 573 1855 h.
601 1814 627 1855 Ι.
657 1820 700 1855 et
728 1815 780 1855 ad
809 1814 993 1868 Apollod.
1022 1829 1060 1867 p.
1087 1818 1180 1857 428.
1234 1813 1350 1863 Misit
1374 1827 1423 1854 eo
1450 1813 1557 1854 Juno
1588 1815 1734 1868 Argiva
1764 1816 2016 1866 Herculem3
2044 1824 2086 1857 et
2109 1817 2219 1857 Mela
2237 1817 2268 1856 Ι.

214 1925 218 1927 n
288 1893 355 1939 19,
382 1890 442 1930 7.=
483 1886 525 1927 in
559 1900 610 1927 eo
638 1886 794 1935 (Ponto
820 1886 1005 1935 Euxino)
1043 1886 1215 1940 primum
1241 1885 1496 1940 Mariandyni
1523 1886 1668 1926 urbem
1696 1886 1898 1936 habitant,
1939 1889 1990 1928 ab
2028 1889 2196 1942 Argivo,
2225 1896 2272 1929 ut

287 1961 439 2011 ferunt,
465 1960 651 2001 Hercule
678 1959 824 2000 datam.
875 1959 1083 2000 Heraclea
1110 1960 1330 2008 vocitaturg
1372 1958 1413 1999 id
1448 1959 1582 1998 famae
1617 1959 1740 1998 fidem
1768 1960 1921 2015 adjicit.
1976 1961 2101 2001 Juxta
2126 1975 2272 2014 specus

288 2038 353 2073 est
376 2031 615 2081 Acherusia,
642 2031 694 2071 ad
721 2032 879 2082 Manes,
906 2039 952 2072 ut
979 2032 1106 2086 ajunt,
1133 2031 1315 2085 pervius,
1354 2036 1476 2084 atque
1503 2031 1598 2071 inde
1625 2038 1851 2073 extractum
1879 2034 2107 2074 Cerberum
2134 2034 2272 2073 existi-

288 2105 436 2147 mant.”
501 2103 567 2145 Cf.
601 2103 789 2145 Strabon.
817 2104 911 2144 xil.
966 2105 1130 2145 Nomen
1158 2103 1331 2144 Cerberi
1359 2103 1535 2146 fortasse
1561 2104 1612 2143 ab
1641 2104 1783 2145 eadem
1819 2104 1957 2145 radice
1995 2103 2104 2145 unde
2136 2107 2273 2157 κέρσος

290 2187 354 2229 ap.
382 2176 514 2232 Apoll.
541 2175 622 2217 Rh.
648 2175 683 2217 1.
712 2177 804 2218 917.
833 2174 1018 2226 ductum;
1047 2174 1175 2215 forma
1201 2174 1289 2231 ejus
1317 2176 1465 2229 triceps
1492 2181 1539 2215 ut
1563 2176 1765 2216 Hecatae.
1826 2177 1886 2218 Et
1919 2182 2068 2231 gentes
2093 2177 2270 2232 Mongo-

289 2250 394 2290 licae
422 2249 541 2289 simul
569 2261 661 2288 cum
686 2249 827 2305 priscis
854 2248 985 2290 Medis
1012 2262 1059 2288 ac
1086 2240 1224 2287 Persis
1252 2261 1394 2288 canem
1422 2252 1659 2288 venerantes
1686 2247 1965 2289 daemonicam
2000 2249 2108 2288 illam
2135 2256 2180 2288 et
2204 2263 2269 2288 ar·

292 2336 431 2364 canam
458 2321 649 2363 colebant
674 2321 753 2362 vim
781 2321 968 2361 divinam.
1015 2322 1148 2366 Quam
1165 2320 1243 2368 vim
1263 2321 1371 2361 inter
1390 2322 1572 2361 Graecos
1591 2322 1781 2361 Socrates
1802 2322 1927 2361 menti
1945 2336 2044 2363 suae
2062 2321 2269 2363 vindicare

291 2395 460 2445 studuit,
479 2394 593 2448 quasi
609 2394 651 2434 in
665 2394 893 2434 libertatem
908 2393 1110 2447 quandam
1124 2391 1406 2433 vindicaturus.
1434 2395 1569 2445 Atque
1587 2393 1697 2433 cultu
1717 2407 1807 2433 eam
1826 2393 2002 2448 quodam
2016 2409 2269 2449 prosequens

285 2468 516 2525 juramento
542 2461 588 2519 νὴ
615 2461 684 2506 τὸν
710 2463 810 2506 κύνα
839 2465 998 2507 videtur
1023 2479 1118 2508 usus
1157 2479 1267 2516 esse,
1307 2465 1377 2519 qui
1402 2461 1507 2504 κύων
1536 2463 1623 2519 ejus
1651 2464 1907 2507 daemonium
1935 2480 2025 2507 esse
2046 2467 2133 2523 jam
2158 2468 2271 2508 visus

293 2547 357 2582 est
382 2539 593 2593 interpreti
619 2538 851 2579 doctissimo
879 2538 1114 2579 Platonicae
1148 2538 1385 2592 apologiam
1427 2536 1506 2578 vid.
1544 2537 1688 2579 Stallb.
1724 2538 1861 2580 adnot.
1895 2540 1948 2579 ad
1980 2540 2098 2595 Apol.
2134 2541 2169 2593 ξ.
2202 2546 2268 2583 22.

292 2614 342 2654 Id
363 2613 548 2655 Socratis
573 2600 752 2653 studium
777 2625 852 2666 per
877 2612 1106 2662 Platonem,
1134 2603 1390 2652 Aristotelem
1417 2614 1664 2670 ceterosque
1687 2609 1945 2666 philosophos
1970 2614 2201 2668 vulgarium
2219 2629 2268 2654 ex

292 2685 496 2731 Mercurio
521 2690 565 2727 et
589 2685 753 2727 Hecate
779 2690 962 2727 ortorum
988 2684 1160 2726 deorum
1195 2689 1466 2726 contemtores
1504 2682 1708 2739 divinique
1741 2684 1847 2726 illius
1882 2686 1996 2741 genii
2031 2701 2107 2742 per
2132 2701 2268 2728 rerum

477 2914 509 2955 ·)
531 2913 647 2947 schot.
668 2916 777 2957 Apoll.
801 2916 868 2949 nh.
889 2915 953 2950 111.
975 2916 1050 2950 847.
1093 2903 1241 2956 Νυχῑαν
1271 2903 1312 2946 δὲ
1340 2896 1439 2945 εἶπεν
1462 2918 1526 2949 cet.
